id,sport,year,set,subset,card_number,player,team,league,parallel,insert,rookie,autograph,serial_number,grade,condition,quantity,purchase_price,value,currency,notes,image,image_back,source,timestamp
c_705088d9,,2023,Merlin,,67,Lewis Miley,,UEFA,,,,,,,raw,1,,,USD,,https://sportscards.standard.us-east-1.oortstorages.com/new%20card%20scans%202/card%20matcher/cards3_0001_Layer-2.png,https://sportscards.standard.us-east-1.oortstorages.com/new%20card%20scans%202/card%20matcher/cards3_0007_Layer-11.png,,2026-02-04T01:59:04.872Z
c_e4a60fde,,2023,Chrome,,154,Leny Yoro,LOSC Lille,UEFA,,,,,,,raw,1,,,USD,,https://sportscards.standard.us-east-1.oortstorages.com/new%20card%20scans%202/card%20matcher/cards3_0002_Layer-3.png,https://sportscards.standard.us-east-1.oortstorages.com/new%20card%20scans%202/card%20matcher/cards3_0008_Layer-10.png,,2026-02-04T01:59:04.875Z
c_1e21a7a6,,2023,Select,,169,Alejandro Garnacho,Manchester United,Premier League,,,,,,,raw,1,,,USD,,https://sportscards.standard.us-east-1.oortstorages.com/new%20card%20scans%202/card%20matcher/cards3_0003_Layer-4.png,https://sportscards.standard.us-east-1.oortstorages.com/new%20card%20scans%202/card%20matcher/cards3_0009_Layer-9.png,,2026-02-04T01:59:04.876Z
c_6848330b,,2022,Merlin Chrome,,127,Pedro Goncalves,,UEFA,,,,,,,raw,1,,,USD,,https://sportscards.standard.us-east-1.oortstorages.com/new%20card%20scans%202/card%20matcher/cards2_0000_Layer-1.png,https://sportscards.standard.us-east-1.oortstorages.com/new%20card%20scans%202/card%20matcher/cards2_0006_Layer-12.png,,2026-02-04T01:59:04.876Z
c_423fa259,,2023,Merlin,,113,Viktor Gyokeres,,UEFA,,,,,,,raw,1,,,USD,,https://sportscards.standard.us-east-1.oortstorages.com/new%20card%20scans%202/card%20matcher/cards_1_0002_Layer-3.png,https://sportscards.standard.us-east-1.oortstorages.com/new%20card%20scans%202/card%20matcher/cards_1_0007_Layer-8.png,,2026-02-04T01:59:04.876Z
c_2a1e4235,,2024,Donruss Rookie Kings,,22,David Moller Wolfe,,FIFA,,,,,,,raw,1,,,USD,,https://sportscards.standard.us-east-1.oortstorages.com/new%20card%20scans%202/card%20matcher/cards2_0001_Layer-2.png,https://sportscards.standard.us-east-1.oortstorages.com/new%20card%20scans%202/card%20matcher/cards2_0007_Layer-11.png,,2026-02-04T01:59:04.876Z
c_9b24b2da,,2023,Chrome,,1963,Topps 14 Paris Brunner,,Bundesliga,,,,,,,raw,1,,,USD,,https://sportscards.standard.us-east-1.oortstorages.com/new%20card%20scans%202/card%20matcher/paris_brunner_0001_Landscape---Pop.png,https://sportscards.standard.us-east-1.oortstorages.com/new%20card%20scans%202/card%20matcher/paris_brunner_0000_Landscape---Pop.png,,2026-02-04T01:59:04.876Z
c_fd28e581,,2024,Chrome Wonderkids,,WK11,Kjell Watjen,,UEFA,,,,,,,raw,1,,,USD,,https://sportscards.standard.us-east-1.oortstorages.com/new%20card%20scans%202/card%20matcher/cards2_0005_Layer-6.png,https://sportscards.standard.us-east-1.oortstorages.com/new%20card%20scans%202/card%20matcher/cards2_0011_Layer-7.png,,2026-02-04T01:59:04.876Z
c_ff4b4f8d,,2024,Chrome,,118,Kjell Watjen,,UEFA,,,,,,,raw,1,,,USD,,https://sportscards.standard.us-east-1.oortstorages.com/new%20card%20scans%202/card%20matcher/cards2_0004_Layer-5.png,https://sportscards.standard.us-east-1.oortstorages.com/new%20card%20scans%202/card%20matcher/cards2_0010_Layer-8.png,,2026-02-04T01:59:04.876Z
c_a114d802,,2024,Finest Pop Art,,2024,Zlatan Ibrahimovic,,MLS,,,,,,,raw,1,,,USD,,https://sportscards.standard.us-east-1.oortstorages.com/new%20card%20scans%202/card%20matcher/Untitled-8_0009_Layer%2071.jpg,https://sportscards.standard.us-east-1.oortstorages.com/new%20card%20scans%202/card%20matcher/Untitled-8_0004_Layer%2076.jpg,,2026-02-04T01:59:04.876Z
c_ccd133b2,,2024,Finest Pop Art,,2024,Marco Reus,,MLS,,,,,,,raw,1,,,USD,,https://sportscards.standard.us-east-1.oortstorages.com/new%20card%20scans%202/card%20matcher/firstin%20_0014_Layer%2020.jpg,https://sportscards.standard.us-east-1.oortstorages.com/new%20card%20scans%202/card%20matcher/firstin%20_0012_Layer%2034.jpg,,2026-02-04T01:59:04.876Z
c_3a4e130,,2023,Select,,245,Marcus Rashford,,Premier League,,,,,,,raw,1,,,USD,,https://sportscards.standard.us-east-1.oortstorages.com/new%20card%20scans%202/card%20matcher/Untitled-22_0002_Layer%20122.jpg,https://sportscards.standard.us-east-1.oortstorages.com/new%20card%20scans%202/card%20matcher/Untitled-22-back_0002_Layer%20128.jpg,,2026-02-04T01:59:04.876Z
c_893268e2,,2023,Topps Merlin,,96,Bradley Barcola,Paris Saint-Germain,UEFA Club Competitions,,,,,,,raw,1,,,USD,,https://sportscards.standard.us-east-1.oortstorages.com/new%20card%20scans%202/card%20matcher/Untitled-60_0007_Layer%2074.jpg,https://sportscards.standard.us-east-1.oortstorages.com/new%20card%20scans%202/card%20matcher/Untitled-60_0001_Layer%2080.jpg,,2026-02-04T01:59:04.876Z
c_76797293,,2023,Select,,227,Jhon Duran,,Premier League,,,,,,,raw,1,,,USD,,https://sportscards.standard.us-east-1.oortstorages.com/new%20card%20scans%202/card%20matcher/Untitled-45_0007_Layer%205.jpg,https://sportscards.standard.us-east-1.oortstorages.com/new%20card%20scans%202/card%20matcher/Untitled-45_0001_Layer%2011.jpg,,2026-02-04T01:59:04.876Z
c_6d897443,,2023,Select,,12,Jhon Duran,,Premier League,,,,,,,raw,1,,,USD,,https://sportscards.standard.us-east-1.oortstorages.com/new%20card%20scans%202/card%20matcher/cards_1_0000_Layer-1.png,https://sportscards.standard.us-east-1.oortstorages.com/new%20card%20scans%202/card%20matcher/cards_1_0005_Layer-10.png,,2026-02-04T01:59:04.876Z
c_c0136e7,,2023,Merlin,,27,Lamine Yamal,,UEFA,,,,,,,raw,1,,,USD,,https://sportscards.standard.us-east-1.oortstorages.com/new%20card%20scans%202/card%20matcher/cards3_0005_Layer-6.png,https://sportscards.standard.us-east-1.oortstorages.com/new%20card%20scans%202/card%20matcher/cards3_0011_Layer-7.png,,2026-02-04T01:59:04.876Z
c_698484d2,,2022,Merlin Chrome,,104,Lionel Messi,,UEFA,,,,,,,raw,1,,,USD,,https://sportscards.standard.us-east-1.oortstorages.com/new%20card%20scans%202/card%20matcher/Untitled-1_0008_Layer%204.jpg,https://sportscards.standard.us-east-1.oortstorages.com/new%20card%20scans%202/card%20matcher/Untitled-1_0008_Layer%204.jpg,,2026-02-04T01:59:04.876Z
c_ef93d5e3,,2023,Topps Chrome,,191,Julien Duranville,Borussia Dortmund,UEFA Club Competitions,,,,,,,raw,1,,,USD,,https://sportscards.standard.us-east-1.oortstorages.com/new%20card%20scans%202/card%20matcher/Untitled-8_0001_Layer%2035.jpg,https://sportscards.standard.us-east-1.oortstorages.com/new%20card%20scans%202/card%20matcher/Untitled-8-back_0001_Layer%2041.jpg,,2026-02-04T01:59:04.876Z
c_d90f07b8,,2023,Topps Chrome,,UB12,Jude Bellingham,Real Madrid,Bundesliga,,,,,,,raw,1,,,USD,,https://sportscards.standard.us-east-1.oortstorages.com/new%20card%20scans%202/card%20matcher/jude_bellingham_front.png,https://sportscards.standard.us-east-1.oortstorages.com/new%20card%20scans%202/card%20matcher/jude_bellingham.png,,2026-02-04T01:59:04.876Z
c_466d68a7,,2023,Topps Finest MLS,,1,Lionel Messi,Inter Miami CF,MLS,,,,,,,raw,1,,,USD,,https://sportscards.standard.us-east-1.oortstorages.com/new%20card%20scans%202/card%20matcher/Untitled-4_0002_Layer%204.jpg,https://sportscards.standard.us-east-1.oortstorages.com/new%20card%20scans%202/card%20matcher/Untitled-5_0002_Layer%205.jpg,,2026-02-04T01:59:04.876Z
c_272f3e10,,2024,UEFA Club Competitions,,9,Erling Haaland,,UEFA,,,,,,,raw,1,,,USD,,https://sportscards.standard.us-east-1.oortstorages.com/new%20card%20scans%202/card%20matcher/Untitled-6_0003_Layer%2010.jpg,https://sportscards.standard.us-east-1.oortstorages.com/new%20card%20scans%202/card%20matcher/Untitled-7_0003_Layer%2016.jpg,,2026-02-04T01:59:04.876Z
c_5c61f63,,2024,Donruss,,96,Erling Haaland,,FIFA,,,,,,,raw,1,,,USD,,https://sportscards.standard.us-east-1.oortstorages.com/new%20card%20scans%202/card%20matcher/Untitled-6_0000_Layer%2013.jpg,https://sportscards.standard.us-east-1.oortstorages.com/new%20card%20scans%202/card%20matcher/Untitled-7_0000_Layer%2019.jpg,,2026-02-04T01:59:04.876Z
c_99562509,,2023,Select,,161,Erling Haaland,,Premier League,,,,,,,raw,1,,,USD,,https://sportscards.standard.us-east-1.oortstorages.com/new%20card%20scans%202/card%20matcher/Untitled-29_0001_Layer%20141.jpg,https://sportscards.standard.us-east-1.oortstorages.com/new%20card%20scans%202/card%20matcher/Untitled-12-back_0003_Layer%2071.jpg,,2026-02-04T01:59:04.876Z
c_9e262905,,2023,Select,,242,Erling Haaland,,Premier League,,,,,,,raw,1,,,USD,,https://sportscards.standard.us-east-1.oortstorages.com/new%20card%20scans%202/card%20matcher/Untitled-29_0002_Layer%20140.jpg,https://sportscards.standard.us-east-1.oortstorages.com/new%20card%20scans%202/card%20matcher/Untitled-29-BACK_0002_Layer%20146.jpg,,2026-02-04T01:59:04.876Z
c_d1efd4fc,,2023,Topps Merlin,,75,Jack Grealish,Manchester City,UEFA Club Competitions,,,,,,,raw,1,,,USD,,https://sportscards.standard.us-east-1.oortstorages.com/new%20card%20scans%202/card%20matcher/Untitled-56_0010_Layer%2034.jpg,https://sportscards.standard.us-east-1.oortstorages.com/new%20card%20scans%202/card%20matcher/Untitled-56_0004_Layer%2040.jpg,,2026-02-04T01:59:04.876Z
c_29c432f2,,2024,Panini Donruss FIFA,,29,Alessandro Bastoni,Italy,FIFA,,,,,,,raw,1,,,USD,,https://sportscards.standard.us-east-1.oortstorages.com/new%20card%20scans%202/card%20matcher/Untitled-23_0012_Layer%20170.jpg,https://sportscards.standard.us-east-1.oortstorages.com/new%20card%20scans%202/card%20matcher/Untitled-21_0005_Layer%20176.jpg,,2026-02-04T01:59:04.876Z
c_e1b14a8e,,2023,Topps Merlin,,200,Mario Lemina,VfB Stuttgart,Premier League,,,,,,,raw,1,,,USD,,https://sportscards.standard.us-east-1.oortstorages.com/new%20card%20scans%202/card%20matcher/Untitled-55_0010_Layer%2034.jpg,https://sportscards.standard.us-east-1.oortstorages.com/new%20card%20scans%202/card%20matcher/Untitled-55_0004_Layer%2040.jpg,,2026-02-04T01:59:04.876Z
c_7a65c03b,,2023,Topps Merlin,,MG23,Gabriel Jesus,Arsenal,UEFA Club Competitions,,,,,,,raw,1,,,USD,,https://sportscards.standard.us-east-1.oortstorages.com/new%20card%20scans%202/card%20matcher/Untitled-55_0011_Layer%2033.jpg,https://sportscards.standard.us-east-1.oortstorages.com/new%20card%20scans%202/card%20matcher/Untitled-55_0005_Layer%2039.jpg,,2026-02-04T01:59:04.876Z
c_3c4f30f8,,2023,Select Select Stars,,13,Erling Haaland,,Premier League,,,,,,,raw,1,,,USD,,https://sportscards.standard.us-east-1.oortstorages.com/new%20card%20scans%202/card%20matcher/Untitled-29_0000_Layer%20142.jpg,https://sportscards.standard.us-east-1.oortstorages.com/new%20card%20scans%202/card%20matcher/Untitled-29-BACK_0000_Layer%20148.jpg,,2026-02-04T01:59:04.876Z
c_2bdd330e,,2024,Prizm Talismen,,1,Erling Haaland,,Premier League,,,,,,,raw,1,,,USD,,https://sportscards.standard.us-east-1.oortstorages.com/new%20card%20scans%202/card%20matcher/erling_0000_Layer-2.png,https://sportscards.standard.us-east-1.oortstorages.com/new%20card%20scans%202/card%20matcher/erling_0001_Layer-1.png,,2026-02-04T01:59:04.876Z
c_a7df9fc4,,2022,Merlin Chrome,,105,Kylian Mbappe,,UEFA,,,,,,,raw,1,,,USD,,https://sportscards.standard.us-east-1.oortstorages.com/new%20card%20scans%202/card%20matcher/Untitled-1_0006_Layer%206.jpg,https://sportscards.standard.us-east-1.oortstorages.com/new%20card%20scans%202/card%20matcher/Untitled-1_0001_Layer%2011.jpg,,2026-02-04T01:59:04.876Z
c_4b4fe009,,2023,Chrome,,21,Kylian Mbappe,,UEFA,,,,,,,raw,1,,,USD,,https://sportscards.standard.us-east-1.oortstorages.com/new%20card%20scans%202/card%20matcher/Untitled-1_0007_Layer%205.jpg,https://sportscards.standard.us-east-1.oortstorages.com/new%20card%20scans%202/card%20matcher/Untitled-1_0002_Layer%2010.jpg,,2026-02-04T01:59:04.876Z
c_1e191106,,2023,Merlin,,92,Kylian Mbappe,,UEFA,,,,,,,raw,1,,,USD,,https://sportscards.standard.us-east-1.oortstorages.com/new%20card%20scans%202/card%20matcher/Untitled-1_0009_Layer%203.jpg,https://sportscards.standard.us-east-1.oortstorages.com/new%20card%20scans%202/card%20matcher/Untitled-1_0004_Layer%208.jpg,,2026-02-04T01:59:04.876Z
c_9ca010e4,,2024,Topps UEFA,,HC4,Lionel Messi,Inter Miami CF,MLS,,,,,,,raw,1,,,USD,,https://sportscards.standard.us-east-1.oortstorages.com/new%20card%20scans%202/card%20matcher/Untitled-6_0005_Layer%208.jpg,https://sportscards.standard.us-east-1.oortstorages.com/new%20card%20scans%202/card%20matcher/Untitled-7_0005_Layer%2014.jpg,,2026-02-04T01:59:04.876Z
c_6c3feab1,,2024,Panini Donruss FIFA,,80,Lionel Messi,Argentina,FIFA,,,,,,,raw,1,,,USD,,https://sportscards.standard.us-east-1.oortstorages.com/new%20card%20scans%202/card%20matcher/Untitled-18_0010_Layer%20146.jpg,https://sportscards.standard.us-east-1.oortstorages.com/new%20card%20scans%202/card%20matcher/Untitled-18_0004_Layer%20152.jpg,,2026-02-04T01:59:04.876Z
c_4ce58a6,,2023,Select,,35,Enzo Fernandez,,Premier League,,,,,,,raw,1,,,USD,,https://sportscards.standard.us-east-1.oortstorages.com/new%20card%20scans%202/card%20matcher/Untitled-37_0005_Layer%2032.jpg,https://sportscards.standard.us-east-1.oortstorages.com/new%20card%20scans%202/card%20matcher/Untitled-37-back_0005_Layer%2038.jpg,,2026-02-04T01:59:04.876Z
c_88eb112a,,2023,Donruss,,4,Enzo Fernandez,,FIFA,,,,,,,raw,1,,,USD,,https://sportscards.standard.us-east-1.oortstorages.com/new%20card%20scans%202/card%20matcher/cards_1_0001_Layer-2.png,https://sportscards.standard.us-east-1.oortstorages.com/new%20card%20scans%202/card%20matcher/cards_1_0006_Layer-9.png,,2026-02-04T01:59:04.876Z
c_8b56beb8,,2024,Prizm Phenomenon,,2024,Enzo Fernandez,,Copa America,,,,,,,raw,1,,,USD,,https://sportscards.standard.us-east-1.oortstorages.com/new%20card%20scans%202/card%20matcher/Untitled-1_0005_Layer%201.jpg,https://sportscards.standard.us-east-1.oortstorages.com/new%20card%20scans%202/card%20matcher/Untitled-1-back_0000_Layer%206.jpg,,2026-02-04T01:59:04.876Z
c_a566b1c6,,2023,Merlin,,78,Kobbie Mainoo,,UEFA,,,,,,,raw,1,,,USD,,https://sportscards.standard.us-east-1.oortstorages.com/new%20card%20scans%202/card%20matcher/Untitled-21_0003_Layer%20120.jpg,https://sportscards.standard.us-east-1.oortstorages.com/new%20card%20scans%202/card%20matcher/Untitled-21-BACK_0003_Layer%20121.jpg,,2026-02-04T01:59:04.876Z
c_c0be4da0,,2023,Chrome,,97,Kobbie Mainoo,,UEFA,,,,,,,raw,1,,,USD,,https://sportscards.standard.us-east-1.oortstorages.com/new%20card%20scans%202/card%20matcher/Untitled-49_0008_Layer%2019.jpg,https://sportscards.standard.us-east-1.oortstorages.com/new%20card%20scans%202/card%20matcher/Untitled-49_0002_Layer%2025.jpg,,2026-02-04T01:59:04.876Z
c_bc1f5bd9,,2023,Select,,70,Kobbie Mainoo,,Premier League,,,,,,,raw,1,,,USD,,https://sportscards.standard.us-east-1.oortstorages.com/new%20card%20scans%202/card%20matcher/Untitled-22_0003_Layer%20121.jpg,https://sportscards.standard.us-east-1.oortstorages.com/new%20card%20scans%202/card%20matcher/Untitled-22-back_0003_Layer%20127.jpg,,2026-02-04T01:59:04.876Z
c_3bf650d5,,2023,Select,,54,Alisson Becker,,Premier League,,,,,,,raw,1,,,USD,,https://sportscards.standard.us-east-1.oortstorages.com/new%20card%20scans%202/card%20matcher/Untitled-34_0005_Layer%207.jpg,https://sportscards.standard.us-east-1.oortstorages.com/new%20card%20scans%202/card%20matcher/Untitled-34-back_0005_Layer%2013.jpg,,2026-02-04T01:59:04.876Z
c_827a319a,,2023,Topps Merlin,,MN2,Kylian Mbappé,Paris Saint-Germain,UEFA Club Competitions,,,,,,,raw,1,,,USD,,https://sportscards.standard.us-east-1.oortstorages.com/new%20card%20scans%202/card%20matcher/Untitled-58_0007_Layer%2061.jpg,https://sportscards.standard.us-east-1.oortstorages.com/new%20card%20scans%202/card%20matcher/Untitled-58_0001_Layer%2067.jpg,,2026-02-04T01:59:04.876Z
c_11d3cdcc,,2023,Select,,87,Guglielmo Vicario,,Premier League,,,,,,,raw,1,,,USD,,https://sportscards.standard.us-east-1.oortstorages.com/new%20card%20scans%202/card%20matcher/Untitled-18_0005_Layer%2092.jpg,https://sportscards.standard.us-east-1.oortstorages.com/new%20card%20scans%202/card%20matcher/Untitled-18-back_0005_Layer%2098.jpg,,2026-02-04T01:59:04.876Z
c_3bea90e8,,2023,Select Future,,17,Lewis Miley,,Premier League,,,,,,,raw,1,,,USD,,https://sportscards.standard.us-east-1.oortstorages.com/new%20card%20scans%202/card%20matcher/Untitled-20_0004_Layer%20112.jpg,https://sportscards.standard.us-east-1.oortstorages.com/new%20card%20scans%202/card%20matcher/Untitled-20-back_0004_Layer%20113.jpg,,2026-02-04T01:59:04.876Z
c_b2cdd85f,,2023,Prizm,,102,Ilya Zabarnyi,,Premier League,,,,,,,raw,1,,,USD,,https://sportscards.standard.us-east-1.oortstorages.com/new%20card%20scans%202/card%20matcher/Untitled-40_0000_Layer%208.jpg,https://sportscards.standard.us-east-1.oortstorages.com/new%20card%20scans%202/card%20matcher/Untitled-40-back_0000_Layer%208.jpg,,2026-02-04T01:59:04.876Z
c_e09a0166,,2023,Select,,9,Ethan Nwaneri,,Premier League,,,,,,,raw,1,,,USD,,https://sportscards.standard.us-east-1.oortstorages.com/new%20card%20scans%202/card%20matcher/firstin%20_0032_Layer%202.jpg,https://sportscards.standard.us-east-1.oortstorages.com/new%20card%20scans%202/card%20matcher/firstin%20_0026_Layer%208.jpg,,2026-02-04T01:59:04.876Z
c_374b5c16,,2022,Topps Merlin,,147,Enzo Fernández,Chelsea,UEFA Club Competitions,,,,,,,raw,1,,,USD,,https://sportscards.standard.us-east-1.oortstorages.com/new%20card%20scans%202/card%20matcher/Untitled-59_0006_Layer%2063.jpg,https://sportscards.standard.us-east-1.oortstorages.com/new%20card%20scans%202/card%20matcher/Untitled-59_0000_Layer%2069.jpg,,2026-02-04T01:59:04.876Z
c_92490fdf,,2022,Merlin Chrome,,43,Arda Guler,,UEFA,,,,,,,raw,1,,,USD,,https://sportscards.standard.us-east-1.oortstorages.com/new%20card%20scans%202/card%20matcher/firstin%20_0033_Layer%201.jpg,https://sportscards.standard.us-east-1.oortstorages.com/new%20card%20scans%202/card%20matcher/firstin%20_0027_Layer%207.jpg,,2026-02-04T01:59:04.876Z
c_83b1eae5,,2024,Panini Donruss FIFA,,21,Enzo Fernandez,Argentina,Premier League,,,,,,,raw,1,,,USD,,https://sportscards.standard.us-east-1.oortstorages.com/new%20card%20scans%202/card%20matcher/Untitled-19_0006_Layer%20162.jpg,https://sportscards.standard.us-east-1.oortstorages.com/new%20card%20scans%202/card%20matcher/Untitled-19_0000_Layer%20168.jpg,,2026-02-04T01:59:04.876Z
c_e546c64f,,2022,Merlin Chrome,,133,Desire Doue,,UEFA,,,,,,,raw,1,,,USD,,https://sportscards.standard.us-east-1.oortstorages.com/new%20card%20scans%202/card%20matcher/cards_1_0004_Layer-5.png,https://sportscards.standard.us-east-1.oortstorages.com/new%20card%20scans%202/card%20matcher/cards_1_0009_Layer-6.png,,2026-02-04T01:59:04.876Z
c_988f9270,,2022,Merlin Chrome,,94,Julian Alvarez,,UEFA,,,,,,,raw,1,,,USD,,https://sportscards.standard.us-east-1.oortstorages.com/new%20card%20scans%202/card%20matcher/Untitled-30_0003_Layer%2012.jpg,https://sportscards.standard.us-east-1.oortstorages.com/new%20card%20scans%202/card%20matcher/Untitled-30-back_0003_Layer%203.jpg,,2026-02-04T01:59:04.877Z
c_e5dbddb6,,2022,Topps Merlin,,8,Kobbie Mainoo,Manchester United,UEFA Club Competitions,,,,,,,raw,1,,,USD,,https://sportscards.standard.us-east-1.oortstorages.com/new%20card%20scans%202/card%20matcher/Untitled-53_0009_Layer%2033.jpg,https://sportscards.standard.us-east-1.oortstorages.com/new%20card%20scans%202/card%20matcher/Untitled-53_0003_Layer%2039.jpg,,2026-02-04T01:59:04.877Z
c_bdc51ca9,,2022,Merlin Chrome,,100,Hugo Ekitike,,UEFA,,,,,,,raw,1,,,USD,,https://sportscards.standard.us-east-1.oortstorages.com/new%20card%20scans%202/card%20matcher/cards3_0004_Layer-5.png,https://sportscards.standard.us-east-1.oortstorages.com/new%20card%20scans%202/card%20matcher/cards3_0010_Layer-8.png,,2026-02-04T01:59:04.877Z
c_8da6216d,,2022,Merlin Chrome,,103,Neymar Jr,,UEFA,,,,,,,raw,1,,,USD,,https://sportscards.standard.us-east-1.oortstorages.com/new%20card%20scans%202/card%20matcher/Untitled-1_0011_Layer%201.jpg,https://sportscards.standard.us-east-1.oortstorages.com/new%20card%20scans%202/card%20matcher/Untitled-1_0000_Layer%2012.jpg,,2026-02-04T01:59:04.877Z
c_681fec06,,,Topps Finest MLS,,,Liel Abada,,MLS,,,,,,,raw,1,,,USD,,https://sportscards.standard.us-east-1.oortstorages.com/new%20card%20scans%202/card%20matcher/Untitled-4_0001_Layer%205.jpg,https://sportscards.standard.us-east-1.oortstorages.com/new%20card%20scans%202/card%20matcher/Untitled-5_0001_Layer%206.jpg,,2026-02-04T01:59:04.877Z
c_2a9311e9,,,Topps Finest MLS,,,Kerwin Vargas,,MLS,,,,,,,raw,1,,,USD,,https://sportscards.standard.us-east-1.oortstorages.com/new%20card%20scans%202/card%20matcher/Untitled-12_0009_Layer%2097.jpg,https://sportscards.standard.us-east-1.oortstorages.com/new%20card%20scans%202/card%20matcher/Untitled-12_0003_Layer%20103.jpg,,2026-02-04T01:59:04.877Z
c_280d4ced,,2023,Panini Select,,168,Rasmus Højlund,Manchester United,Premier League,,,,,,,raw,1,,,USD,,https://sportscards.standard.us-east-1.oortstorages.com/new%20card%20scans%202/card%20matcher/rasmus.png,https://sportscards.standard.us-east-1.oortstorages.com/new%20card%20scans%202/card%20matcher/rasmusback.png,,2026-02-04T01:59:04.877Z
c_ad72a2f0,,2023,Panini Select,,241,Phil Foden,Manchester City,Premier League,,,,,,,raw,1,,,USD,,https://sportscards.standard.us-east-1.oortstorages.com/new%20card%20scans%202/card%20matcher/Untitled-59_0007_Layer%2062.jpg,https://sportscards.standard.us-east-1.oortstorages.com/new%20card%20scans%202/card%20matcher/Untitled-59_0001_Layer%2068.jpg,,2026-02-04T01:59:04.877Z
c_15149f32,,2023,Panini Select,,144,Youssef Chermiti,Everton,Premier League,,,,,,,raw,1,,,USD,,https://sportscards.standard.us-east-1.oortstorages.com/new%20card%20scans%202/card%20matcher/Untitled-55_0008_Layer%2036.jpg,https://sportscards.standard.us-east-1.oortstorages.com/new%20card%20scans%202/card%20matcher/Untitled-55_0002_Layer%2042.jpg,,2026-02-04T01:59:04.877Z
c_5aee4f30,,,Topps Finest MLS,,,Iuri Tavares,,MLS,,,,,,,raw,1,,,USD,,https://sportscards.standard.us-east-1.oortstorages.com/new%20card%20scans%202/card%20matcher/Untitled_set__0009_Layer%2014.jpg,https://sportscards.standard.us-east-1.oortstorages.com/new%20card%20scans%202/card%20matcher/tavares.png,,2026-02-04T01:59:04.877Z
c_7220b4c2,,2023,Topps Stadium Club Chrome UEFA,,SCWZ,Wilfried Zaha,Galatasaray A.S.,UEFA,,,,,,,raw,1,,,USD,,https://sportscards.standard.us-east-1.oortstorages.com/new%20card%20scans%202/card%20matcher/Untitled-13_0011_Layer%20107.jpg,https://sportscards.standard.us-east-1.oortstorages.com/new%20card%20scans%202/card%20matcher/Untitled-13_0005_Layer%20113.jpg,,2026-02-04T01:59:04.877Z
c_7d86d996,,2024,Topps Stadium Club Chrome UEFA,,FCKIL,Kang-in Lee,Paris Saint-Germain F.C.,Ligue 1,,,,,,,raw,1,,,USD,,https://sportscards.standard.us-east-1.oortstorages.com/new%20card%20scans%202/card%20matcher/Untitled-13_0009_Layer%20109.jpg,https://sportscards.standard.us-east-1.oortstorages.com/new%20card%20scans%202/card%20matcher/Untitled-13_0003_Layer%20115.jpg,,2026-02-04T01:59:04.877Z
c_26f68dd,,2024,Topps Stadium Club Chrome UEFA,,51,Kang-in Lee,Paris Saint-Germain F.C.,Ligue 1,,,,,,,raw,1,,,USD,,https://sportscards.standard.us-east-1.oortstorages.com/new%20card%20scans%202/card%20matcher/Untitled-13_0010_Layer%20108.jpg,https://sportscards.standard.us-east-1.oortstorages.com/new%20card%20scans%202/card%20matcher/Untitled-13_0004_Layer%20114.jpg,,2026-02-04T01:59:04.877Z
c_be8b1f30,,2023,Panini Select,,73,Lewis Miley,Manchester City,Premier League,,,,,,,raw,1,,,USD,,https://sportscards.standard.us-east-1.oortstorages.com/new%20card%20scans%202/card%20matcher/sportscards4_0007_Layer%2012.jpg,https://sportscards.standard.us-east-1.oortstorages.com/new%20card%20scans%202/card%20matcher/sportscards4_0001_Layer%2018.jpg,,2026-02-04T01:59:04.877Z
c_1a476e4e,,,Topps Finest MLS,,,Nimfasha Berchimas,,MLS,,,,,,,raw,1,,,USD,,https://sportscards.standard.us-east-1.oortstorages.com/new%20card%20scans%202/card%20matcher/Untitled_set__0012_Layer%2011.jpg,https://sportscards.standard.us-east-1.oortstorages.com/new%20card%20scans%202/card%20matcher/Untitled_set__0017_Layer%206.jpg,,2026-02-04T01:59:04.877Z
c_e8ab5cc6,,2023,Panini Select,,50,Raúl Jiménez,Fulham,Premier League,,,,,,,raw,1,,,USD,,https://sportscards.standard.us-east-1.oortstorages.com/new%20card%20scans%202/card%20matcher/Untitled-55_0009_Layer%2035.jpg,https://sportscards.standard.us-east-1.oortstorages.com/new%20card%20scans%202/card%20matcher/Untitled-55_0003_Layer%2041.jpg,,2026-02-04T01:59:04.877Z
c_31c4fa60,,2023,Panini Select,,220,Matheus Cunha,Wolverhampton Wanderers,Premier League,,,,,,,raw,1,,,USD,,https://sportscards.standard.us-east-1.oortstorages.com/new%20card%20scans%202/card%20matcher/Untitled-15_0001_Layer%2087.jpg,https://sportscards.standard.us-east-1.oortstorages.com/new%20card%20scans%202/card%20matcher/Untitled-15-back_0001_Layer%2092.jpg,,2026-02-04T01:59:04.877Z
c_ae09e373,,2023,Panini Select Premier League,,220,Matheus Cunha,Wolverhampton Wanderers,Premier League,,,,,,,raw,1,,,USD,,https://sportscards.standard.us-east-1.oortstorages.com/new%20card%20scans%202/card%20matcher/Untitled-15_0000_Layer%2088.jpg,https://sportscards.standard.us-east-1.oortstorages.com/new%20card%20scans%202/card%20matcher/Untitled-15-back_0000_Layer%2093.jpg,,2026-02-04T01:59:04.877Z
c_d63bc658,,2022,2223 Topps Merlin Chrome UEFA Club Competitions,,13,Eddie Nketiah,Arsenal,Premier League,,,,,,,raw,1,,,USD,,https://sportscards.standard.us-east-1.oortstorages.com/new%20card%20scans%202/card%20matcher/Untitled-24_0004_Layer%20132.jpg,https://sportscards.standard.us-east-1.oortstorages.com/new%20card%20scans%202/card%20matcher/Untitled-24-back_0004_Layer%20133.jpg,,2026-02-04T01:59:04.877Z
c_1bfbe61f,,,Topps Finest MLS,,,Eduard Lowen,,MLS,,,,,,,raw,1,,,USD,,https://sportscards.standard.us-east-1.oortstorages.com/new%20card%20scans%202/card%20matcher/Untitled-10_0008_Layer%2085.jpg,https://sportscards.standard.us-east-1.oortstorages.com/new%20card%20scans%202/card%20matcher/Untitled-10_0002_Layer%2091.jpg,,2026-02-04T01:59:04.877Z
c_8ad55be5,,,Topps Finest MLS,,,Alonso Martinez,,MLS,,,,,,,raw,1,,,USD,,https://sportscards.standard.us-east-1.oortstorages.com/new%20card%20scans%202/card%20matcher/Untitled-10_0011_Layer%2082.jpg,https://sportscards.standard.us-east-1.oortstorages.com/new%20card%20scans%202/card%20matcher/Untitled-10_0005_Layer%2088.jpg,,2026-02-04T01:59:04.877Z
c_ba123b57,,,Topps Finest MLS,,,Agustin Ojeda,,MLS,,,,,,,raw,1,,,USD,,https://sportscards.standard.us-east-1.oortstorages.com/new%20card%20scans%202/card%20matcher/Untitled-10_0010_Layer%2083.jpg,https://sportscards.standard.us-east-1.oortstorages.com/new%20card%20scans%202/card%20matcher/Untitled-10_0004_Layer%2089.jpg,,2026-02-04T01:59:04.877Z
c_aa72fff1,,,Topps Finest MLS,,,Diego Fagundez,,MLS,,,,,,,raw,1,,,USD,,https://sportscards.standard.us-east-1.oortstorages.com/new%20card%20scans%202/card%20matcher/Untitled-9_0010_Layer%2082.jpg,https://sportscards.standard.us-east-1.oortstorages.com/new%20card%20scans%202/card%20matcher/Untitled-9_0003_Layer%2089.jpg,,2026-02-04T01:59:04.877Z
c_3f5d3b17,,,Topps Finest MLS,,,Lucho Acosta,,MLS,,,,,,,raw,1,,,USD,,https://sportscards.standard.us-east-1.oortstorages.com/new%20card%20scans%202/card%20matcher/Untitled-14_0009_Layer%20121.jpg,https://sportscards.standard.us-east-1.oortstorages.com/new%20card%20scans%202/card%20matcher/Untitled-14_0003_Layer%20127.jpg,,2026-02-04T01:59:04.877Z
c_a7df4f8c,,,Topps Finest MLS,,,Marco Reus,,MLS,,,,,,,raw,1,,,USD,,https://sportscards.standard.us-east-1.oortstorages.com/new%20card%20scans%202/card%20matcher/firstin%20_0000_Layer%2027.jpg,https://sportscards.standard.us-east-1.oortstorages.com/new%20card%20scans%202/card%20matcher/firstin%20_0005_Layer%2022.jpg,,2026-02-04T01:59:04.877Z
c_558338fa,,,Topps Finest MLS,,,Riqui Puig,,MLS,,,,,,,raw,1,,,USD,,https://sportscards.standard.us-east-1.oortstorages.com/new%20card%20scans%202/card%20matcher/Untitled-16_0009_Layer%20134.jpg,https://sportscards.standard.us-east-1.oortstorages.com/new%20card%20scans%202/card%20matcher/Untitled-9_0000_Layer%2092.jpg,,2026-02-04T01:59:04.877Z
c_f5655a90,,2023,Topps Finest MLS,,137,Liel Abada,Charlotte FC,MLS,,,,,,,raw,1,,,USD,,https://sportscards.standard.us-east-1.oortstorages.com/new%20card%20scans%202/card%20matcher/Untitled-4_0001_Layer%205.jpg,https://sportscards.standard.us-east-1.oortstorages.com/new%20card%20scans%202/card%20matcher/Untitled-5_0001_Layer%206.jpg,,2026-02-04T01:59:04.877Z
c_5ec8fae,,,Topps Finest MLS,,,Pedro de La Vega,,MLS,,,,,,,raw,1,,,USD,,https://sportscards.standard.us-east-1.oortstorages.com/new%20card%20scans%202/card%20matcher/oilspills_0002_Layer%206.jpg,https://sportscards.standard.us-east-1.oortstorages.com/new%20card%20scans%202/card%20matcher/Untitled-1_0039_Layer%209.jpg,,2026-02-04T01:59:04.877Z
c_e7bd119b,,,Topps Finest MLS,,,Jovan Mijatovic,,MLS,,,,,,,raw,1,,,USD,,,,,2026-02-04T01:59:04.877Z
c_e7edb6f6,,2024,2024 Topps Finest MLS,,231,Pedro de La Vega,Seattle Sounders FC,MLS,,,,,,,raw,1,,,USD,,https://sportscards.standard.us-east-1.oortstorages.com/new%20card%20scans%202/card%20matcher/firstin%20_0016_Layer%2018.jpg,https://sportscards.standard.us-east-1.oortstorages.com/new%20card%20scans%202/card%20matcher/firstin%20_0015_Layer%2019.jpg,,2026-02-04T01:59:04.877Z
c_dab66399,,2023,Topps Finest MLS,,101,Cristian Arango,San Jose Earthquakes,MLS,,,,,,,raw,1,,,USD,,https://sportscards.standard.us-east-1.oortstorages.com/new%20card%20scans%202/card%20matcher/Untitled-4_0005_Layer%201.jpg,https://sportscards.standard.us-east-1.oortstorages.com/new%20card%20scans%202/card%20matcher/Untitled-5_0005_Layer%202.jpg,,2026-02-04T01:59:04.877Z
c_97c90e7b,,2024,2024 Topps Finest MLS,,TL15,Houston Dynamo,Houston Dynamo,MLS,,,,,,,raw,1,,,USD,,https://sportscards.standard.us-east-1.oortstorages.com/new%20card%20scans%202/card%20matcher/nexr_0009_Layer%2041.jpg,https://sportscards.standard.us-east-1.oortstorages.com/new%20card%20scans%202/card%20matcher/nexr_0001_Layer%2049.jpg,,2026-02-04T01:59:04.877Z
c_3bf8c678,,,,,,Lamine Yamal,,FIFA,,,,,,,raw,1,,,USD,,https://sportscards.standard.us-east-1.oortstorages.com/new%20card%20scans%202/card%20matcher/cards1front_0002_Layer-4.png,https://sportscards.standard.us-east-1.oortstorages.com/new%20card%20scans%202/card%20matcher/newcardsback_0002_Layer-4.png,,2026-02-04T01:59:04.877Z
c_63ada6a4,,,,,,Christian Pulisic,,FIFA,,,,,,,raw,1,,,USD,,https://sportscards.standard.us-east-1.oortstorages.com/new%20card%20scans%202/card%20matcher/cards1front_0001_Layer-5.png,https://sportscards.standard.us-east-1.oortstorages.com/new%20card%20scans%202/card%20matcher/newcardsback_0001_Layer-5.png,,2026-02-04T01:59:04.877Z
c_6fc90ac6,,,,,,Gio Reyna,,FIFA,,,,,,,raw,1,,,USD,,https://sportscards.standard.us-east-1.oortstorages.com/new%20card%20scans%202/card%20matcher/cards1front_0003_Layer-3.png,https://sportscards.standard.us-east-1.oortstorages.com/new%20card%20scans%202/card%20matcher/newcardsback_0004_Layer-2.png,,2026-02-04T01:59:04.877Z
c_d2ce0505,,2024,Topps Finest MLS,,MLS9,Zlatan Ibrahimovic,LA Galaxy,MLS,,,,,,,raw,1,,,USD,,https://sportscards.standard.us-east-1.oortstorages.com/new%20card%20scans%202/card%20matcher/Untitled-8_0008_Layer%2072.jpg,https://sportscards.standard.us-east-1.oortstorages.com/new%20card%20scans%202/card%20matcher/Untitled-8_0003_Layer%2077.jpg,,2026-02-04T01:59:04.877Z
c_887d96d4,,2024,Topps Finest MLS,,65,Tyler Wolff,Atlanta United FC,MLS,,,,,,,raw,1,,,USD,,https://sportscards.standard.us-east-1.oortstorages.com/new%20card%20scans%202/card%20matcher/Untitled-15_0010_Layer%20121.jpg,https://sportscards.standard.us-east-1.oortstorages.com/new%20card%20scans%202/card%20matcher/Untitled-15_0004_Layer%20127.jpg,,2026-02-04T01:59:04.877Z
c_53d7127e,,2024,Topps Finest MLS,,PF2,Riqui Puig,LA Galaxy,MLS,,,,,,,raw,1,,,USD,,https://sportscards.standard.us-east-1.oortstorages.com/new%20card%20scans%202/card%20matcher/Untitled-17_0010_Layer%20145.jpg,https://sportscards.standard.us-east-1.oortstorages.com/new%20card%20scans%202/card%20matcher/Untitled-17_0004_Layer%20151.jpg,,2026-02-04T01:59:04.877Z
c_68eb7a38,,2024,2024 Topps Finest MLS,,,Zlatan Ibrahimovic,,MLS,,,,,,,raw,1,,,USD,,https://sportscards.standard.us-east-1.oortstorages.com/new%20card%20scans%202/card%20matcher/Untitled-8_0007_Layer%2073.jpg,,,2026-02-04T01:59:04.877Z
c_7c98b073,,2024,2024 Topps Finest MLS,,,Lucho Acosta,,MLS,,,,,,,raw,1,,,USD,,https://sportscards.standard.us-east-1.oortstorages.com/new%20card%20scans%202/card%20matcher/Untitled-2_0003_Layer%203.jpg,,,2026-02-04T01:59:04.877Z
c_92945556,,2024,2024 Topps Finest MLS,,,Riqui Puig,,MLS,,,,,,,raw,1,,,USD,,https://sportscards.standard.us-east-1.oortstorages.com/new%20card%20scans%202/card%20matcher/Untitled-3_0000_Layer%208.jpg,,,2026-02-04T01:59:04.877Z
c_e4f06be8,,2024,2024 Topps Finest MLS,,,Marco Reus,,MLS,,,,,,,raw,1,,,USD,,https://sportscards.standard.us-east-1.oortstorages.com/new%20card%20scans%202/card%20matcher/Untitled-3_0001_Layer%207.jpg,,,2026-02-04T01:59:04.877Z
c_2039636a,,2024,2024 Topps Finest MLS,,,Cristian Arango,,MLS,,,,,,,raw,1,,,USD,,https://sportscards.standard.us-east-1.oortstorages.com/new%20card%20scans%202/card%20matcher/Untitled-3_0003_Layer%205.jpg,,,2026-02-04T01:59:04.877Z
c_bc5e76b4,,2024,2024 Topps Finest MLS,,,Luis Suarez,,MLS,,,,,,,raw,1,,,USD,,https://sportscards.standard.us-east-1.oortstorages.com/new%20card%20scans%202/card%20matcher/Untitled-11_0010_Layer%2095.jpg,,,2026-02-04T01:59:04.877Z
c_3f7ab38b,,2024,2024 Topps Chrome MLS,,,Pedro de La Vega,,MLS,,,,,,,raw,1,,,USD,,https://sportscards.standard.us-east-1.oortstorages.com/new%20card%20scans%202/card%20matcher/Untitled-27_0000_Layer%201.jpg,,,2026-02-04T01:59:04.877Z
c_43edc07,,,,,,Paris Saint-Germain F.C.,,,,,,,,,raw,1,,,USD,,https://sportscards.standard.us-east-1.oortstorages.com/new%20card%20scans%202/card%20matcher/Untitled-11_0011_Layer%2094.jpg,https://sportscards.standard.us-east-1.oortstorages.com/new%20card%20scans%202/card%20matcher/Untitled-11_0005_Layer%20100.jpg,,2026-02-04T01:59:04.877Z
c_5711512f,,2023,Topps Chrome,,117,Jonathan David,Lille,UEFA Club Competitions,,,,,,,raw,1,,,USD,,https://sportscards.standard.us-east-1.oortstorages.com/new%20card%20scans%202/card%20matcher/Untitled-6_0003_Layer%2029.jpg,https://sportscards.standard.us-east-1.oortstorages.com/new%20card%20scans%202/card%20matcher/Untitled-6-back_0003_Layer%2030.jpg,,2026-02-04T01:59:04.877Z
c_e5ce84b0,,2023,Topps Chrome,,186,Leroy Sané,Bayern Munich,UEFA Club Competitions,,,,,,,raw,1,,,USD,,https://sportscards.standard.us-east-1.oortstorages.com/new%20card%20scans%202/card%20matcher/Untitled-5_0000_Layer%2025.jpg,https://sportscards.standard.us-east-1.oortstorages.com/new%20card%20scans%202/card%20matcher/Untitled-5-back_0000_Layer%2031.jpg,,2026-02-04T01:59:04.877Z
c_c3399e4d,,2023,Topps Chrome,,109,Ismaila Sarr,Marseille,UEFA Club Competitions,,,,,,,raw,1,,,USD,,https://sportscards.standard.us-east-1.oortstorages.com/new%20card%20scans%202/card%20matcher/Untitled-5_0001_Layer%2024.jpg,https://sportscards.standard.us-east-1.oortstorages.com/new%20card%20scans%202/card%20matcher/Untitled-5-back_0001_Layer%2030.jpg,,2026-02-04T01:59:04.877Z
c_6cefab94,,2023,Topps Chrome,,124,Jack Grealish,Manchester City,UEFA Club Competitions,,,,,,,raw,1,,,USD,,https://sportscards.standard.us-east-1.oortstorages.com/new%20card%20scans%202/card%20matcher/Untitled-11_0002_Layer%2053.jpg,https://sportscards.standard.us-east-1.oortstorages.com/new%20card%20scans%202/card%20matcher/Untitled-11-back_0002_Layer%2059.jpg,,2026-02-04T01:59:04.877Z
c_14037a03,,2023,Topps Chrome,,100,Thibaut Courtois,Real Madrid,UEFA Club Competitions,,,,,,,raw,1,,,USD,,https://sportscards.standard.us-east-1.oortstorages.com/new%20card%20scans%202/card%20matcher/Untitled-9_0003_Layer%2045.jpg,https://sportscards.standard.us-east-1.oortstorages.com/new%20card%20scans%202/card%20matcher/Untitled-9-back_0003_Layer%2046.jpg,,2026-02-04T01:59:04.877Z
c_7c83b6a1,,2023,Topps Chrome,,99,Federico Valverde,Real Madrid,UEFA Club Competitions,,,,,,,raw,1,,,USD,,https://sportscards.standard.us-east-1.oortstorages.com/new%20card%20scans%202/card%20matcher/Untitled-9_0004_Layer%2044.jpg,https://sportscards.standard.us-east-1.oortstorages.com/new%20card%20scans%202/card%20matcher/Untitled-9-back_0004_Layer%2045.jpg,,2026-02-04T01:59:04.877Z
c_284a1b5e,,2022,Topps Merlin,,120,Karim Benzema,Real Madrid,UEFA Club Competitions,,,,,,,raw,1,,,USD,,https://sportscards.standard.us-east-1.oortstorages.com/new%20card%20scans%202/card%20matcher/Untitled-9_0005_Layer%2043.jpg,https://sportscards.standard.us-east-1.oortstorages.com/new%20card%20scans%202/card%20matcher/Untitled-9-back_0005_Layer%2044.jpg,,2026-02-04T01:59:04.877Z
c_af820d6e,,2023,Topps Chrome,,190,Antoine Griezmann,Atlético Madrid,UEFA Club Competitions,,,,,,,raw,1,,,USD,,https://sportscards.standard.us-east-1.oortstorages.com/new%20card%20scans%202/card%20matcher/Untitled-9_0000_Layer%2048.jpg,https://sportscards.standard.us-east-1.oortstorages.com/new%20card%20scans%202/card%20matcher/Untitled-3-back_0005_Layer%2020.jpg,,2026-02-04T01:59:04.877Z
c_db28af43,,2022,Topps Merlin,,28,Jan Oblak,Atlético Madrid,UEFA Club Competitions,,,,,,,raw,1,,,USD,,https://sportscards.standard.us-east-1.oortstorages.com/new%20card%20scans%202/card%20matcher/Untitled-9_0001_Layer%2047.jpg,https://sportscards.standard.us-east-1.oortstorages.com/new%20card%20scans%202/card%20matcher/Untitled-9-back_0001_Layer%2048.jpg,,2026-02-04T01:59:04.877Z
c_1aa132ad,,2023,Topps Chrome,,88,Teun Koopmeiners,Atalanta,UEFA Club Competitions,,,,,,,raw,1,,,USD,,https://sportscards.standard.us-east-1.oortstorages.com/new%20card%20scans%202/card%20matcher/Untitled-9_0002_Layer%2046.jpg,https://sportscards.standard.us-east-1.oortstorages.com/new%20card%20scans%202/card%20matcher/Untitled-9-back_0002_Layer%2047.jpg,,2026-02-04T01:59:04.877Z
c_5d78153e,,2022,Topps Merlin,,107,Xavi Simons,Paris Saint-Germain,UEFA Club Competitions,,,,,,,raw,1,,,USD,,https://sportscards.standard.us-east-1.oortstorages.com/new%20card%20scans%202/card%20matcher/Untitled-8_0003_Layer%2033.jpg,https://sportscards.standard.us-east-1.oortstorages.com/new%20card%20scans%202/card%20matcher/Untitled-8-back_0003_Layer%2039.jpg,,2026-02-04T01:59:04.877Z
c_855b5e9,,2023,Topps Chrome,,102,Guus Til,PSV Eindhoven,UEFA Club Competitions,,,,,,,raw,1,,,USD,,https://sportscards.standard.us-east-1.oortstorages.com/new%20card%20scans%202/card%20matcher/Untitled-8_0004_Layer%2032.jpg,https://sportscards.standard.us-east-1.oortstorages.com/new%20card%20scans%202/card%20matcher/Untitled-8-back_0004_Layer%2038.jpg,,2026-02-04T01:59:04.877Z
c_9e694e0a,,2023,Topps Merlin,,99,Noa Lang,PSV Eindhoven,UEFA Club Competitions,,,,,,,raw,1,,,USD,,https://sportscards.standard.us-east-1.oortstorages.com/new%20card%20scans%202/card%20matcher/Untitled-8_0005_Layer%2031.jpg,https://sportscards.standard.us-east-1.oortstorages.com/new%20card%20scans%202/card%20matcher/Untitled-8-back_0005_Layer%2037.jpg,,2026-02-04T01:59:04.877Z
c_91b135c1,,2023,Topps Chrome,,145,Felix Nmecha,Borussia Dortmund,UEFA Club Competitions,,,,,,,raw,1,,,USD,,https://sportscards.standard.us-east-1.oortstorages.com/new%20card%20scans%202/card%20matcher/Untitled-8_0000_Layer%2036.jpg,https://sportscards.standard.us-east-1.oortstorages.com/new%20card%20scans%202/card%20matcher/Untitled-8-back_0000_Layer%2042.jpg,,2026-02-04T01:59:04.877Z
c_2a60a6f6,,2023,Topps Merlin,,79,Bruno Fernandes,Manchester United,UEFA Club Competitions,,,,,,,raw,1,,,USD,,https://sportscards.standard.us-east-1.oortstorages.com/new%20card%20scans%202/card%20matcher/Untitled-11_0005_Layer%2050.jpg,https://sportscards.standard.us-east-1.oortstorages.com/new%20card%20scans%202/card%20matcher/Untitled-11-back_0005_Layer%2056.jpg,,2026-02-04T01:59:04.877Z
c_36fa69dc,,2023,Topps Chrome,,57,Kobbie Mainoo,Manchester United,UEFA Club Competitions,,,,,,,raw,1,,,USD,,https://sportscards.standard.us-east-1.oortstorages.com/new%20card%20scans%202/card%20matcher/Untitled-11_0000_Layer%2055.jpg,https://sportscards.standard.us-east-1.oortstorages.com/new%20card%20scans%202/card%20matcher/Untitled-49_0002_Layer%2025.jpg,,2026-02-04T01:59:04.877Z
c_cae70c4e,,2023,Topps Chrome,,105,Rico Lewis,Manchester City,UEFA Club Competitions,,,,,,,raw,1,,,USD,,https://sportscards.standard.us-east-1.oortstorages.com/new%20card%20scans%202/card%20matcher/Untitled-11_0001_Layer%2054.jpg,https://sportscards.standard.us-east-1.oortstorages.com/new%20card%20scans%202/card%20matcher/Untitled-11-back_0001_Layer%2060.jpg,,2026-02-04T01:59:04.877Z
c_123582f6,,2022,Topps Merlin,,114,Dominik Szoboszlai,RB Leipzig,UEFA Club Competitions,,,,,,,raw,1,,,USD,,https://sportscards.standard.us-east-1.oortstorages.com/new%20card%20scans%202/card%20matcher/Untitled-8_0002_Layer%2034.jpg,https://sportscards.standard.us-east-1.oortstorages.com/new%20card%20scans%202/card%20matcher/Untitled-8-back_0002_Layer%2040.jpg,,2026-02-04T01:59:04.877Z
c_f084fb7a,,2022,Topps Merlin,,115,Timo Werner,RB Leipzig,UEFA Club Competitions,,,,,,,raw,1,,,USD,,https://sportscards.standard.us-east-1.oortstorages.com/new%20card%20scans%202/card%20matcher/Untitled-7_0003_Layer%2031.jpg,https://sportscards.standard.us-east-1.oortstorages.com/new%20card%20scans%202/card%20matcher/Untitled-7-BACK_0003_Layer%2032.jpg,,2026-02-04T01:59:04.877Z
c_60762c8d,,2023,Topps Chrome,,162,Dijon Kameri,RB Salzburg,UEFA Club Competitions,,,,,,,raw,1,,,USD,,https://sportscards.standard.us-east-1.oortstorages.com/new%20card%20scans%202/card%20matcher/Untitled-7_0004_Layer%2030.jpg,https://sportscards.standard.us-east-1.oortstorages.com/new%20card%20scans%202/card%20matcher/Untitled-7-BACK_0004_Layer%2031.jpg,,2026-02-04T01:59:04.877Z
c_2dd26104,,2023,Topps Chrome,,24,Xavi Simons,RB Leipzig,UEFA Club Competitions,,,,,,,raw,1,,,USD,,https://sportscards.standard.us-east-1.oortstorages.com/new%20card%20scans%202/card%20matcher/Untitled-7_0005_Layer%2029.jpg,https://sportscards.standard.us-east-1.oortstorages.com/new%20card%20scans%202/card%20matcher/Untitled-7-BACK_0005_Layer%2030.jpg,,2026-02-04T01:59:04.877Z
c_6a92d4f,,2023,Topps Chrome,,63,Gavi,Barcelona,UEFA Club Competitions,,,,,,,raw,1,,,USD,,https://sportscards.standard.us-east-1.oortstorages.com/new%20card%20scans%202/card%20matcher/Untitled-7_0001_Layer%2033.jpg,https://sportscards.standard.us-east-1.oortstorages.com/new%20card%20scans%202/card%20matcher/Untitled-7-BACK_0001_Layer%2034.jpg,,2026-02-04T01:59:04.877Z
c_e6f81b25,,2023,Topps Chrome,,76,Raphinha,Barcelona,UEFA Club Competitions,,,,,,,raw,1,,,USD,,https://sportscards.standard.us-east-1.oortstorages.com/new%20card%20scans%202/card%20matcher/Untitled-7_0002_Layer%2032.jpg,https://sportscards.standard.us-east-1.oortstorages.com/new%20card%20scans%202/card%20matcher/Untitled-7-BACK_0002_Layer%2033.jpg,,2026-02-04T01:59:04.877Z
c_af80b264,,2023,Topps Chrome,,116,Moussa Diaby,Aston Villa,UEFA Club Competitions,,,,,,,raw,1,,,USD,,https://sportscards.standard.us-east-1.oortstorages.com/new%20card%20scans%202/card%20matcher/Untitled-7_0000_Layer%2034.jpg,https://sportscards.standard.us-east-1.oortstorages.com/new%20card%20scans%202/card%20matcher/Untitled-7-BACK_0000_Layer%2035.jpg,,2026-02-04T01:59:04.877Z
c_f896cc9f,,2023,Topps Chrome,,176,Evan Ndicka,AS Roma,UEFA Club Competitions,,,,,,,raw,1,,,USD,,https://sportscards.standard.us-east-1.oortstorages.com/new%20card%20scans%202/card%20matcher/Untitled-6_0000_Layer%2032.jpg,https://sportscards.standard.us-east-1.oortstorages.com/new%20card%20scans%202/card%20matcher/Untitled-6-back_0000_Layer%2033.jpg,,2026-02-04T01:59:04.877Z
c_5a7f2208,,2022,Topps Merlin,,62,Mohamed Daramy,Ajax,UEFA Club Competitions,,,,,,,raw,1,,,USD,,https://sportscards.standard.us-east-1.oortstorages.com/new%20card%20scans%202/card%20matcher/Untitled-6_0001_Layer%2031.jpg,https://sportscards.standard.us-east-1.oortstorages.com/new%20card%20scans%202/card%20matcher/Untitled-6-back_0001_Layer%2032.jpg,,2026-02-04T01:59:04.877Z
c_8c8de4b,,2023,Topps Merlin,,131,Thijs Dallinga,Toulouse,UEFA Club Competitions,,,,,,,raw,1,,,USD,,https://sportscards.standard.us-east-1.oortstorages.com/new%20card%20scans%202/card%20matcher/Untitled-6_0002_Layer%2030.jpg,https://sportscards.standard.us-east-1.oortstorages.com/new%20card%20scans%202/card%20matcher/Untitled-6-back_0002_Layer%2031.jpg,,2026-02-04T01:59:04.877Z
c_ca334bec,,2022,Topps Merlin,,112,Moses Simon,Nantes,UEFA Club Competitions,,,,,,,raw,1,,,USD,,https://sportscards.standard.us-east-1.oortstorages.com/new%20card%20scans%202/card%20matcher/Untitled-6_0005_Layer%2027.jpg,https://sportscards.standard.us-east-1.oortstorages.com/new%20card%20scans%202/card%20matcher/Untitled-6-back_0005_Layer%2028.jpg,,2026-02-04T01:59:04.877Z
c_73aa065,,2023,Topps Chrome,,195,Santiago Giménez,Feyenoord,UEFA Club Competitions,,,,,,,raw,1,,,USD,,https://sportscards.standard.us-east-1.oortstorages.com/new%20card%20scans%202/card%20matcher/Untitled-6_0004_Layer%2028.jpg,https://sportscards.standard.us-east-1.oortstorages.com/new%20card%20scans%202/card%20matcher/Untitled-6-back_0004_Layer%2029.jpg,,2026-02-04T01:59:04.877Z
c_5bd3f5f0,,2022,Topps Merlin,,43,Arda Güler,Fenerbahçe,UEFA Club Competitions,,,,,,,raw,1,,,USD,,https://sportscards.standard.us-east-1.oortstorages.com/new%20card%20scans%202/card%20matcher/Untitled-49_0009_Layer%2018.jpg,https://sportscards.standard.us-east-1.oortstorages.com/new%20card%20scans%202/card%20matcher/Untitled-49_0003_Layer%2024.jpg,,2026-02-04T01:59:04.877Z
c_e87e9f50,,2022,Topps Merlin,,123,Mohamed Ali Cho,Nice,UEFA Club Competitions,,,,,,,raw,1,,,USD,,https://sportscards.standard.us-east-1.oortstorages.com/new%20card%20scans%202/card%20matcher/Untitled-49_0007_Layer%2020.jpg,https://sportscards.standard.us-east-1.oortstorages.com/new%20card%20scans%202/card%20matcher/Untitled-49_0001_Layer%2026.jpg,,2026-02-04T01:59:04.877Z
c_f649ceba,,2022,Topps Merlin,,97,Kobbie Mainoo,Manchester United,UEFA Club Competitions,,,,,,,raw,1,,,USD,,https://sportscards.standard.us-east-1.oortstorages.com/new%20card%20scans%202/card%20matcher/Untitled-49_0008_Layer%2019.jpg,https://sportscards.standard.us-east-1.oortstorages.com/new%20card%20scans%202/card%20matcher/Untitled-49_0002_Layer%2025.jpg,,2026-02-04T01:59:04.877Z
c_9cc1738a,,2022,Topps Merlin,,27,Pablo Barrios,Atlético Madrid,UEFA Club Competitions,,,,,,,raw,1,,,USD,,https://sportscards.standard.us-east-1.oortstorages.com/new%20card%20scans%202/card%20matcher/Untitled-49_0011_Layer%2016.jpg,https://sportscards.standard.us-east-1.oortstorages.com/new%20card%20scans%202/card%20matcher/Untitled-49_0005_Layer%2022.jpg,,2026-02-04T01:59:04.877Z
c_9ba5d841,,2022,Topps Merlin,,108,Johan Bakayoko,PSV Eindhoven,UEFA Club Competitions,,,,,,,raw,1,,,USD,,https://sportscards.standard.us-east-1.oortstorages.com/new%20card%20scans%202/card%20matcher/Untitled-49_0010_Layer%2017.jpg,https://sportscards.standard.us-east-1.oortstorages.com/new%20card%20scans%202/card%20matcher/Untitled-49_0004_Layer%2023.jpg,,2026-02-04T01:59:04.877Z
c_eb027bbf,,2022,Topps Merlin,,75,Issa Kabore,Luton Town,UEFA Club Competitions,,,,,,,raw,1,,,USD,,https://sportscards.standard.us-east-1.oortstorages.com/new%20card%20scans%202/card%20matcher/Untitled-50_0007_Layer%2021.jpg,https://sportscards.standard.us-east-1.oortstorages.com/new%20card%20scans%202/card%20matcher/Untitled-50_0001_Layer%2027.jpg,,2026-02-04T01:59:04.877Z
c_258d4297,,2022,Topps Merlin,,141,Simon Adingra,Brighton & Hove Albion,UEFA Club Competitions,,,,,,,raw,1,,,USD,,https://sportscards.standard.us-east-1.oortstorages.com/new%20card%20scans%202/card%20matcher/Untitled-50_0006_Layer%2022.jpg,https://sportscards.standard.us-east-1.oortstorages.com/new%20card%20scans%202/card%20matcher/Untitled-50_0000_Layer%2028.jpg,,2026-02-04T01:59:04.877Z
c_3da0ee3d,,2022,Topps Merlin,,77,Matteo Guendouzi,Marseille,UEFA Club Competitions,,,,,,,raw,1,,,USD,,https://sportscards.standard.us-east-1.oortstorages.com/new%20card%20scans%202/card%20matcher/Untitled-5_0002_Layer%2023.jpg,https://sportscards.standard.us-east-1.oortstorages.com/new%20card%20scans%202/card%20matcher/matteo_back.png,,2026-02-04T01:59:04.877Z
c_6b140331,,2023,Topps Chrome,,50,Harry Kane,Bayern Munich,UEFA Club Competitions,,,,,,,raw,1,,,USD,,https://sportscards.standard.us-east-1.oortstorages.com/new%20card%20scans%202/card%20matcher/Untitled-5_0005_Layer%2020.jpg,https://sportscards.standard.us-east-1.oortstorages.com/new%20card%20scans%202/card%20matcher/Untitled-5-back_0005_Layer%2026.jpg,,2026-02-04T01:59:04.877Z
c_f450984c,,2022,Topps Merlin,,3,Rafael Leão,AC Milan,UEFA Club Competitions,,,,,,,raw,1,,,USD,,https://sportscards.standard.us-east-1.oortstorages.com/new%20card%20scans%202/card%20matcher/Untitled-5_0004_Layer%2021.jpg,https://sportscards.standard.us-east-1.oortstorages.com/new%20card%20scans%202/card%20matcher/Untitled-5-back_0004_Layer%2027.jpg,,2026-02-04T01:59:04.877Z
c_81b92a9,,2023,Topps Merlin,,1,Rafael Leão,AC Milan,UEFA Club Competitions,,,,,,,raw,1,,,USD,,https://sportscards.standard.us-east-1.oortstorages.com/new%20card%20scans%202/card%20matcher/Untitled-5_0003_Layer%2022.jpg,https://sportscards.standard.us-east-1.oortstorages.com/new%20card%20scans%202/card%20matcher/Untitled-5-back_0003_Layer%2028.jpg,,2026-02-04T01:59:04.877Z
c_6fe6b31c,,2023,Topps Merlin,,125,Giacomo Raspadori,Napoli,UEFA Club Competitions,,,,,,,raw,1,,,USD,,https://sportscards.standard.us-east-1.oortstorages.com/new%20card%20scans%202/card%20matcher/Untitled-1_0010_Layer%2038.jpg,https://sportscards.standard.us-east-1.oortstorages.com/new%20card%20scans%202/card%20matcher/Untitled-4-back_0003_Layer%2020.jpg,,2026-02-04T01:59:04.877Z
c_192c1928,,2022,Topps Merlin,,82,Dušan Vlahović,Juventus,UEFA Club Competitions,,,,,,,raw,1,,,USD,,https://sportscards.standard.us-east-1.oortstorages.com/new%20card%20scans%202/card%20matcher/Untitled-4_0002_Layer%2021.jpg,https://sportscards.standard.us-east-1.oortstorages.com/new%20card%20scans%202/card%20matcher/Untitled-4-back_0002_Layer%2021.jpg,,2026-02-04T01:59:04.877Z
c_468cf56c,,2022,Topps Merlin,,64,Romelu Lukaku,Inter Milan,UEFA Club Competitions,,,,,,,raw,1,,,USD,,https://sportscards.standard.us-east-1.oortstorages.com/new%20card%20scans%202/card%20matcher/Untitled-4_0000_Layer%2023.jpg,https://sportscards.standard.us-east-1.oortstorages.com/new%20card%20scans%202/card%20matcher/Untitled-4-back_0000_Layer%2023.jpg,,2026-02-04T01:59:04.877Z
c_4924cade,,2022,Topps Merlin,,67,Lautaro Martínez,Inter Milan,UEFA Club Competitions,,,,,,,raw,1,,,USD,,https://sportscards.standard.us-east-1.oortstorages.com/new%20card%20scans%202/card%20matcher/Untitled-4_0001_Layer%2022.jpg,https://sportscards.standard.us-east-1.oortstorages.com/new%20card%20scans%202/card%20matcher/Untitled-4-back_0001_Layer%2022.jpg,,2026-02-04T01:59:04.877Z
c_1e691dba,,2022,Topps Merlin,,87,Harvey Elliott,Liverpool,UEFA Club Competitions,,,,,,,raw,1,,,USD,,https://sportscards.standard.us-east-1.oortstorages.com/new%20card%20scans%202/card%20matcher/Untitled-11_0003_Layer%2052.jpg,https://sportscards.standard.us-east-1.oortstorages.com/new%20card%20scans%202/card%20matcher/Untitled-11-back_0003_Layer%2058.jpg,,2026-02-04T01:59:04.877Z
c_1b99d6ef,,2023,Topps Chrome,,119,Dominik Szoboszlai,Liverpool,UEFA Club Competitions,,,,,,,raw,1,,,USD,,https://sportscards.standard.us-east-1.oortstorages.com/new%20card%20scans%202/card%20matcher/Untitled-11_0004_Layer%2051.jpg,https://sportscards.standard.us-east-1.oortstorages.com/new%20card%20scans%202/card%20matcher/Untitled-11-back_0004_Layer%2057.jpg,,2026-02-04T01:59:04.877Z
c_d6c6b85b,,2023,Topps Merlin,,AA12,Fernando Torres,Atlético Madrid,UEFA Club Competitions,,,,,,,raw,1,,,USD,,https://sportscards.standard.us-east-1.oortstorages.com/new%20card%20scans%202/card%20matcher/Untitled-51_0007_Layer%2022.jpg,https://sportscards.standard.us-east-1.oortstorages.com/new%20card%20scans%202/card%20matcher/Untitled-51_0001_Layer%2028.jpg,,2026-02-04T01:59:04.877Z
c_c66c4086,,2023,Topps Merlin,,AA11,Michael Owen,Liverpool,UEFA Club Competitions,,,,,,,raw,1,,,USD,,https://sportscards.standard.us-east-1.oortstorages.com/new%20card%20scans%202/card%20matcher/Untitled-51_0006_Layer%2023.jpg,https://sportscards.standard.us-east-1.oortstorages.com/new%20card%20scans%202/card%20matcher/Untitled-51_0000_Layer%2029.jpg,,2026-02-04T01:59:04.877Z
c_b6b9481,,2023,Topps Chrome,,SD12,Ronaldinho,Barcelona,UEFA Club Competitions,,,,,,,raw,1,,,USD,,https://sportscards.standard.us-east-1.oortstorages.com/new%20card%20scans%202/card%20matcher/Untitled-54_0009_Layer%2034.jpg,https://sportscards.standard.us-east-1.oortstorages.com/new%20card%20scans%202/card%20matcher/Untitled-54_0003_Layer%2040.jpg,,2026-02-04T01:59:04.878Z
c_ea548dda,,2023,Topps Chrome,,SD8,Neymar Jr,Al-Hilal,UEFA Club Competitions,,,,,,,raw,1,,,USD,,https://sportscards.standard.us-east-1.oortstorages.com/new%20card%20scans%202/card%20matcher/Untitled-1_0004_Layer%202%20(1).jpg,https://sportscards.standard.us-east-1.oortstorages.com/new%20card%20scans%202/card%20matcher/Untitled-54_0004_Layer%2039.jpg,,2026-02-04T01:59:04.878Z
c_6ee57127,,2023,Topps Chrome,,SD13,Marcel Desailly,AC Milan,UEFA Club Competitions,,,,,,,raw,1,,,USD,,https://sportscards.standard.us-east-1.oortstorages.com/new%20card%20scans%202/card%20matcher/marcel_desailly_front.png,https://sportscards.standard.us-east-1.oortstorages.com/new%20card%20scans%202/card%20matcher/marcel_desailly_back.png,,2026-02-04T01:59:04.878Z
c_4c49611f,,2023,Topps Chrome,,SD1,Thomas Müller,Bayern Munich,UEFA Club Competitions,,,,,,,raw,1,,,USD,,https://sportscards.standard.us-east-1.oortstorages.com/new%20card%20scans%202/card%20matcher/Untitled-54_0007_Layer%2036.jpg,https://sportscards.standard.us-east-1.oortstorages.com/new%20card%20scans%202/card%20matcher/Untitled-54_0001_Layer%2042.jpg,,2026-02-04T01:59:04.878Z
c_41d62a9e,,2023,Topps Chrome,,SD6,Wayne Rooney,Manchester United,UEFA Club Competitions,,,,,,,raw,1,,,USD,,https://sportscards.standard.us-east-1.oortstorages.com/new%20card%20scans%202/card%20matcher/Untitled-54_0008_Layer%2035.jpg,https://sportscards.standard.us-east-1.oortstorages.com/new%20card%20scans%202/card%20matcher/Untitled-54_0002_Layer%2041.jpg,,2026-02-04T01:59:04.878Z
c_9946d0ca,,2023,Topps Chrome,,SD5,Sergio Agüero,Manchester City,UEFA Club Competitions,,,,,,,raw,1,,,USD,,https://sportscards.standard.us-east-1.oortstorages.com/new%20card%20scans%202/card%20matcher/Untitled-55_0012_Layer%2032.jpg,https://sportscards.standard.us-east-1.oortstorages.com/new%20card%20scans%202/card%20matcher/Untitled-54_0005_Layer%2038.jpg,,2026-02-04T01:59:04.878Z
c_4c4d5113,,2022,Topps Merlin,,MM9,Cody Gakpo,Liverpool,UEFA Club Competitions,,,,,,,raw,1,,,USD,,https://sportscards.standard.us-east-1.oortstorages.com/new%20card%20scans%202/card%20matcher/Untitled-48_0012_Layer%2016.jpg,https://sportscards.standard.us-east-1.oortstorages.com/new%20card%20scans%202/card%20matcher/Untitled-48_0005_Layer%2023.jpg,,2026-02-04T01:59:04.878Z
c_9559e451,,2022,Topps Merlin,,MM10,Antony,Manchester United,UEFA Club Competitions,,,,,,,raw,1,,,USD,,https://sportscards.standard.us-east-1.oortstorages.com/new%20card%20scans%202/card%20matcher/Untitled-48_0007_Layer%2021.jpg,https://sportscards.standard.us-east-1.oortstorages.com/new%20card%20scans%202/card%20matcher/Untitled-48_0001_Layer%2027.jpg,,2026-02-04T01:59:04.878Z
c_22caef47,,2022,Topps Merlin,,MM11,Wayne Rooney,Manchester United,UEFA Club Competitions,,,,,,,raw,1,,,USD,,https://sportscards.standard.us-east-1.oortstorages.com/new%20card%20scans%202/card%20matcher/Untitled-48_0009_Layer%2019.jpg,https://sportscards.standard.us-east-1.oortstorages.com/new%20card%20scans%202/card%20matcher/Untitled-48_0002_Layer%2026.jpg,,2026-02-04T01:59:04.878Z
c_a015adfe,,2022,Topps Merlin,,MM14,Vinícius Júnior,Real Madrid,UEFA Club Competitions,,,,,,,raw,1,,,USD,,https://sportscards.standard.us-east-1.oortstorages.com/new%20card%20scans%202/card%20matcher/Untitled-48_0013_Layer%2015.jpg,https://sportscards.standard.us-east-1.oortstorages.com/new%20card%20scans%202/card%20matcher/Untitled-48_0006_Layer%2022.jpg,,2026-02-04T01:59:04.878Z
c_f4e45b4,,2022,Topps Merlin,,MM12,Frank Rijkaard,Barcelona,UEFA Club Competitions,,,,,,,raw,1,,,USD,,https://sportscards.standard.us-east-1.oortstorages.com/new%20card%20scans%202/card%20matcher/Untitled-50_0008_Layer%2020.jpg,https://sportscards.standard.us-east-1.oortstorages.com/new%20card%20scans%202/card%20matcher/Untitled-50_0002_Layer%2026.jpg,,2026-02-04T01:59:04.878Z
c_b8face33,,2023,Topps Chrome,,LC3,Donyell Malen,Borussia Dortmund,UEFA Club Competitions,,,,,,,raw,1,,,USD,,https://sportscards.standard.us-east-1.oortstorages.com/new%20card%20scans%202/card%20matcher/Untitled-47_0007_Layer%2019.jpg,https://sportscards.standard.us-east-1.oortstorages.com/new%20card%20scans%202/card%20matcher/Untitled-47_0000_Layer%2025.jpg,,2026-02-04T01:59:04.878Z
c_ace800f9,,2023,Topps Chrome,,LC10,Victor Osimhen,Napoli,UEFA Club Competitions,,,,,,,raw,1,,,USD,,https://sportscards.standard.us-east-1.oortstorages.com/new%20card%20scans%202/card%20matcher/Untitled-47_0008_Layer%2018.jpg,https://sportscards.standard.us-east-1.oortstorages.com/new%20card%20scans%202/card%20matcher/Untitled-47_0001_Layer%2024.jpg,,2026-02-04T01:59:04.878Z
c_4048eda0,,2023,Topps Chrome,,LC2,Memphis Depay,Atlético Madrid,UEFA Club Competitions,,,,,,,raw,1,,,USD,,https://sportscards.standard.us-east-1.oortstorages.com/new%20card%20scans%202/card%20matcher/Untitled-47_0009_Layer%2017.jpg,https://sportscards.standard.us-east-1.oortstorages.com/new%20card%20scans%202/card%20matcher/Untitled-47_0002_Layer%2023.jpg,,2026-02-04T01:59:04.878Z
c_5758d15,,2023,Topps Chrome,,LC7,Nicolò Barella,Inter Milan,UEFA Club Competitions,,,,,,,raw,1,,,USD,,https://sportscards.standard.us-east-1.oortstorages.com/new%20card%20scans%202/card%20matcher/Untitled-47_0011_Layer%2014.jpg,https://sportscards.standard.us-east-1.oortstorages.com/new%20card%20scans%202/card%20matcher/Untitled-47_0005_Layer%2020.jpg,,2026-02-04T01:59:04.878Z
c_f88cda1d,,2023,Topps Chrome,,LC1,Noah Okafor,AC Milan,UEFA Club Competitions,,,,,,,raw,1,,,USD,,https://sportscards.standard.us-east-1.oortstorages.com/new%20card%20scans%202/card%20matcher/Untitled-47_0006_Layer%2015.jpg,https://sportscards.standard.us-east-1.oortstorages.com/new%20card%20scans%202/card%20matcher/Untitled-47_0004_Layer%2021.jpg,,2026-02-04T01:59:04.878Z
c_3937d750,,2023,Topps Chrome,,LC15,Gustav Isaksen,Lazio,UEFA Club Competitions,,,,,,,raw,1,,,USD,,https://sportscards.standard.us-east-1.oortstorages.com/new%20card%20scans%202/card%20matcher/Untitled-47_0010_Layer%2016.jpg,https://sportscards.standard.us-east-1.oortstorages.com/new%20card%20scans%202/card%20matcher/Untitled-47_0003_Layer%2022.jpg,,2026-02-04T01:59:04.878Z
c_5d881b6e,,2022,Topps Merlin,,AA14,Lionel Messi,Paris Saint-Germain,UEFA Club Competitions,,,,,,,raw,1,,,USD,,https://sportscards.standard.us-east-1.oortstorages.com/new%20card%20scans%202/card%20matcher/Untitled-50_0009_Layer%2019.jpg,https://sportscards.standard.us-east-1.oortstorages.com/new%20card%20scans%202/card%20matcher/Untitled-50_0003_Layer%2025.jpg,,2026-02-04T01:59:04.878Z
c_c913b3,,2022,Topps Merlin,,AA12,Dino Zoff,Juventus,UEFA Club Competitions,,,,,,,raw,1,,,USD,,https://sportscards.standard.us-east-1.oortstorages.com/new%20card%20scans%202/card%20matcher/Untitled-50_0010_Layer%2018.jpg,https://sportscards.standard.us-east-1.oortstorages.com/new%20card%20scans%202/card%20matcher/Untitled-50_0004_Layer%2024.jpg,,2026-02-04T01:59:04.878Z
c_d42955a7,,2022,Topps Merlin,,AA13,Kaká,AC Milan,UEFA Club Competitions,,,,,,,raw,1,,,USD,,https://sportscards.standard.us-east-1.oortstorages.com/new%20card%20scans%202/card%20matcher/Untitled-50_0011_Layer%2017.jpg,https://sportscards.standard.us-east-1.oortstorages.com/new%20card%20scans%202/card%20matcher/Untitled-50_0005_Layer%2023.jpg,,2026-02-04T01:59:04.878Z
c_903866e1,,2022,Topps Merlin,,AA15,Harry Kewell,Leeds United,UEFA Club Competitions,,,,,,,raw,1,,,USD,,https://sportscards.standard.us-east-1.oortstorages.com/new%20card%20scans%202/card%20matcher/Untitled-51_0008_Layer%2021.jpg,https://sportscards.standard.us-east-1.oortstorages.com/new%20card%20scans%202/card%20matcher/Untitled-51_0002_Layer%2027.jpg,,2026-02-04T01:59:04.878Z
c_e62040f7,,2022,Topps Merlin,,12,Luka Romero,AC Milan,UEFA Club Competitions,,,,,,,raw,1,,,USD,,https://sportscards.standard.us-east-1.oortstorages.com/new%20card%20scans%202/card%20matcher/Untitled-53_0006_Layer%2036.jpg,https://sportscards.standard.us-east-1.oortstorages.com/new%20card%20scans%202/card%20matcher/Untitled-53_0000_Layer%2042.jpg,,2026-02-04T01:59:04.878Z
c_8cc16f26,,2022,Topps Merlin,,10,Luka Sučić,RB Salzburg,UEFA Club Competitions,,,,,,,raw,1,,,USD,,https://sportscards.standard.us-east-1.oortstorages.com/new%20card%20scans%202/card%20matcher/Untitled-51_0009_Layer%2020.jpg,https://sportscards.standard.us-east-1.oortstorages.com/new%20card%20scans%202/card%20matcher/Untitled-51_0003_Layer%2026.jpg,,2026-02-04T01:59:04.878Z
c_201553d7,,2022,Topps Merlin,,18,Antonio Silva,Benfica,UEFA Club Competitions,,,,,,,raw,1,,,USD,,https://sportscards.standard.us-east-1.oortstorages.com/new%20card%20scans%202/card%20matcher/Untitled-53_0008_Layer%2034.jpg,https://sportscards.standard.us-east-1.oortstorages.com/new%20card%20scans%202/card%20matcher/Untitled-53_0002_Layer%2040.jpg,,2026-02-04T01:59:04.878Z
c_58f78420,,2022,Topps Merlin,,17,Antonio Nusa,Club Brugge,UEFA Club Competitions,,,,,,,raw,1,,,USD,,https://sportscards.standard.us-east-1.oortstorages.com/new%20card%20scans%202/card%20matcher/Untitled-53_0007_Layer%2035.jpg,https://sportscards.standard.us-east-1.oortstorages.com/new%20card%20scans%202/card%20matcher/Untitled-53_0001_Layer%2041.jpg,,2026-02-04T01:59:04.878Z
c_c2e65339,,2022,Topps Merlin,,3,Xavi Simons,Paris Saint-Germain,UEFA Club Competitions,,,,,,,raw,1,,,USD,,https://sportscards.standard.us-east-1.oortstorages.com/new%20card%20scans%202/card%20matcher/Untitled-53_0010_Layer%2032.jpg,https://sportscards.standard.us-east-1.oortstorages.com/new%20card%20scans%202/card%20matcher/Untitled-53_0004_Layer%2038.jpg,,2026-02-04T01:59:04.878Z
c_79129232,,2022,Topps Merlin,,6,Gavi,Barcelona,UEFA Club Competitions,,,,,,,raw,1,,,USD,,https://sportscards.standard.us-east-1.oortstorages.com/new%20card%20scans%202/card%20matcher/Untitled-53_0011_Layer%2031.jpg,https://sportscards.standard.us-east-1.oortstorages.com/new%20card%20scans%202/card%20matcher/Untitled-53_0005_Layer%2037.jpg,,2026-02-04T01:59:04.878Z
c_7e32bfb3,,2023,Panini Select,,110,Kai Havertz,Arsenal,Premier League,,,,,,,raw,1,,,USD,,https://sportscards.standard.us-east-1.oortstorages.com/new%20card%20scans%202/card%20matcher/Untitled-56_0008_Layer%2036.jpg,https://sportscards.standard.us-east-1.oortstorages.com/new%20card%20scans%202/card%20matcher/Untitled-56_0002_Layer%2042.jpg,,2026-02-04T01:59:04.878Z
c_52ac02cc,,2023,Topps Chrome Sapphire,,189,Casemiro,Manchester United,UEFA Club Competitions,,,,,,,raw,1,,,USD,,https://sportscards.standard.us-east-1.oortstorages.com/new%20card%20scans%202/card%20matcher/casemiro_front_%23.png,https://sportscards.standard.us-east-1.oortstorages.com/new%20card%20scans%202/card%20matcher/casemiro_back_%23.png,,2026-02-04T01:59:04.878Z
c_8ccdfcd4,,2023,Topps Chrome,,GL14,Randal Kolo Muani,Paris Saint-Germain,UEFA Club Competitions,,,,,,,raw,1,,,USD,,https://sportscards.standard.us-east-1.oortstorages.com/new%20card%20scans%202/card%20matcher/randal_0001_Layer%201.jpg,https://sportscards.standard.us-east-1.oortstorages.com/new%20card%20scans%202/card%20matcher/randal_0000_Layer%202.jpg,,2026-02-04T01:59:04.878Z
c_485a69f6,,2023,Topps Chrome,,UB8,Manu Koné,Borussia Mönchengladbach,Bundesliga,,,,,,,raw,1,,,USD,,https://sportscards.standard.us-east-1.oortstorages.com/new%20card%20scans%202/card%20matcher/Untitled-60_0009_Layer%2072.jpg,https://sportscards.standard.us-east-1.oortstorages.com/new%20card%20scans%202/card%20matcher/Untitled-60_0003_Layer%2078.jpg,,2026-02-04T01:59:04.878Z
c_8fae2f81,,2023,Topps Chrome,,25,Paris Brunner,Borussia Dortmund,Bundesliga,,,,,,,raw,1,,,USD,,https://sportscards.standard.us-east-1.oortstorages.com/new%20card%20scans%202/card%20matcher/Untitled-59_0010_Layer%2059.jpg,https://sportscards.standard.us-east-1.oortstorages.com/new%20card%20scans%202/card%20matcher/Untitled-59_0004_Layer%2065.jpg,,2026-02-04T01:59:04.878Z
c_b3d5cb63,,2024,Panini Prizm,,25,Facundo Buonanotte,Brighton & Hove Albion,Copa America,,,,,,,raw,1,,,USD,,https://sportscards.standard.us-east-1.oortstorages.com/new%20card%20scans%202/card%20matcher/Untitled-57_0008_Layer%2048.jpg,https://sportscards.standard.us-east-1.oortstorages.com/new%20card%20scans%202/card%20matcher/Untitled-57_0000_Layer%2056.jpg,,2026-02-04T01:59:04.878Z
c_ed13789d,,2023,Panini Select,,51,Darwin Núñez,Liverpool,Premier League,,,,,,,raw,1,,,USD,,https://sportscards.standard.us-east-1.oortstorages.com/new%20card%20scans%202/card%20matcher/Untitled-56_0007_Layer%2037.jpg,https://sportscards.standard.us-east-1.oortstorages.com/new%20card%20scans%202/card%20matcher/Untitled-56_0001_Layer%2043.jpg,,2026-02-04T01:59:04.878Z
c_4d89930c,,2023,Topps Merlin,,MN3,Mohamed Salah,Liverpool,UEFA Club Competitions,,,,,,,raw,1,,,USD,,https://sportscards.standard.us-east-1.oortstorages.com/new%20card%20scans%202/card%20matcher/Untitled-59_0008_Layer%2061.jpg,https://sportscards.standard.us-east-1.oortstorages.com/new%20card%20scans%202/card%20matcher/Untitled-59_0002_Layer%2067.jpg,,2026-02-04T01:59:04.878Z
c_5ec3a774,,2023,Topps Merlin,,MN15,Kevin De Bruyne,Manchester City,UEFA Club Competitions,,,,,,,raw,1,,,USD,,https://sportscards.standard.us-east-1.oortstorages.com/new%20card%20scans%202/card%20matcher/Untitled-59_0012_Layer%2057.jpg,https://sportscards.standard.us-east-1.oortstorages.com/new%20card%20scans%202/card%20matcher/Untitled-58_0005_Layer%2063.jpg,,2026-02-04T01:59:04.878Z
c_132dc004,,2023,Topps Merlin,,MN12,Victor Boniface,Bayer Leverkusen,UEFA Club Competitions,,,,,,,raw,1,,,USD,,https://sportscards.standard.us-east-1.oortstorages.com/new%20card%20scans%202/card%20matcher/Untitled-58_0010_Layer%2058.jpg,https://sportscards.standard.us-east-1.oortstorages.com/new%20card%20scans%202/card%20matcher/Untitled-58_0004_Layer%2064.jpg,,2026-02-04T01:59:04.878Z
c_51f68cec,,2023,Topps Merlin,,MN7,Leroy Sané,Bayern Munich,UEFA Club Competitions,,,,,,,raw,1,,,USD,,https://sportscards.standard.us-east-1.oortstorages.com/new%20card%20scans%202/card%20matcher/Untitled-58_0006_Layer%2062.jpg,https://sportscards.standard.us-east-1.oortstorages.com/new%20card%20scans%202/card%20matcher/Untitled-58_0000_Layer%2068.jpg,,2026-02-04T01:59:04.878Z
c_b9bf8fce,,2023,Topps Merlin,,MN5,Rodrygo,Real Madrid,UEFA Club Competitions,,,,,,,raw,1,,,USD,,https://sportscards.standard.us-east-1.oortstorages.com/new%20card%20scans%202/card%20matcher/Untitled-58_0009_Layer%2059.jpg,https://sportscards.standard.us-east-1.oortstorages.com/new%20card%20scans%202/card%20matcher/Untitled-58_0003_Layer%2065.jpg,,2026-02-04T01:59:04.878Z
c_a7b8925,,2022,Topps Merlin,,1,Alejandro Garnacho,Manchester United,UEFA Club Competitions,,,,,,,raw,1,,,USD,,https://sportscards.standard.us-east-1.oortstorages.com/new%20card%20scans%202/card%20matcher/Untitled-56_0009_Layer%2035.jpg,https://sportscards.standard.us-east-1.oortstorages.com/new%20card%20scans%202/card%20matcher/Untitled-56_0003_Layer%2041.jpg,,2026-02-04T01:59:04.878Z
c_81fce492,,2023,Topps Chrome,,98-7,Vitor Roque,Barcelona,UEFA Club Competitions,,,,,,,raw,1,,,USD,,https://sportscards.standard.us-east-1.oortstorages.com/new%20card%20scans%202/card%20matcher/Untitled-1_0011_Layer%2037.jpg,https://sportscards.standard.us-east-1.oortstorages.com/new%20card%20scans%202/card%20matcher/Untitled-1_0005_Layer%2043.jpg,,2026-02-04T01:59:04.878Z
c_3dbcdcf1,,2023,Topps Chrome,,98-3,Álvaro Morata,Atlético Madrid,UEFA Club Competitions,,,,,,,raw,1,,,USD,,https://sportscards.standard.us-east-1.oortstorages.com/new%20card%20scans%202/card%20matcher/Untitled-1_0006_Layer%2042.jpg,https://sportscards.standard.us-east-1.oortstorages.com/new%20card%20scans%202/card%20matcher/Untitled-1_0000_Layer%2048.jpg,,2026-02-04T01:59:04.878Z
c_eb6ffcfb,,2023,Topps Chrome,,98-8,Julián Álvarez,Manchester City,UEFA Club Competitions,,,,,,,raw,1,,,USD,,https://sportscards.standard.us-east-1.oortstorages.com/new%20card%20scans%202/card%20matcher/Untitled-1_0007_Layer%2041.jpg,https://sportscards.standard.us-east-1.oortstorages.com/new%20card%20scans%202/card%20matcher/Untitled-1_0001_Layer%2047.jpg,,2026-02-04T01:59:04.878Z
c_c5d42795,,2023,Topps Chrome,,98-6,Khvicha Kvaratskhelia,Napoli,UEFA Club Competitions,,,,,,,raw,1,,,USD,,https://sportscards.standard.us-east-1.oortstorages.com/new%20card%20scans%202/card%20matcher/Untitled-1_0008_Layer%2040.jpg,https://sportscards.standard.us-east-1.oortstorages.com/new%20card%20scans%202/card%20matcher/Untitled-1_0002_Layer%2046.jpg,,2026-02-04T01:59:04.878Z
c_c6c2519c,,2023,Topps Merlin,,AUJS,Josip Sutalo,Ajax,UEFA Club Competitions,,,,,,,raw,1,,,USD,,https://sportscards.standard.us-east-1.oortstorages.com/new%20card%20scans%202/card%20matcher/Untitled-60_0011_Layer%2070.jpg,https://sportscards.standard.us-east-1.oortstorages.com/new%20card%20scans%202/card%20matcher/Untitled-60_0005_Layer%2076.jpg,,2026-02-04T01:59:04.878Z
c_136329e5,,2022,Topps,,,Mergim Berisha,FC Augsburg,Bundesliga,,,,,,,raw,1,,,USD,,https://sportscards.standard.us-east-1.oortstorages.com/new%20card%20scans%202/card%20matcher/Untitled-60_0010_Layer%2071.jpg,https://sportscards.standard.us-east-1.oortstorages.com/new%20card%20scans%202/card%20matcher/Untitled-60_0004_Layer%2077.jpg,,2026-02-04T01:59:04.878Z
c_693b94f9,,2023,Topps Chrome,,54,Max Finkgrafe,1. FC Köln,Bundesliga,,,,,,,raw,1,,,USD,,https://sportscards.standard.us-east-1.oortstorages.com/new%20card%20scans%202/card%20matcher/maxfinke.png,https://sportscards.standard.us-east-1.oortstorages.com/new%20card%20scans%202/card%20matcher/maxback.png,,2026-02-04T01:59:04.878Z
c_677d6e05,,2023,Panini Select,,195,Mohammed Kudus,West Ham United,Premier League,,,,,,,raw,1,,,USD,,https://sportscards.standard.us-east-1.oortstorages.com/new%20card%20scans%202/card%20matcher/sportscards4_0010_Layer%209.jpg,https://sportscards.standard.us-east-1.oortstorages.com/new%20card%20scans%202/card%20matcher/Mohammed_Kudus_back.png,,2026-02-04T01:59:04.878Z
c_887000b,,2022,Topps Merlin,,MM2,Mykhailo Mudryk,Chelsea,UEFA Club Competitions,,,,,,,raw,1,,,USD,,https://sportscards.standard.us-east-1.oortstorages.com/new%20card%20scans%202/card%20matcher/Untitled-58_0008_Layer%2060.jpg,https://sportscards.standard.us-east-1.oortstorages.com/new%20card%20scans%202/card%20matcher/Untitled-58_0002_Layer%2066.jpg,,2026-02-04T01:59:04.878Z
c_4443f181,,2023,Topps Chrome,,WK8,Karim Konaté,RB Salzburg,UEFA Club Competitions,,,,,,,raw,1,,,USD,,https://sportscards.standard.us-east-1.oortstorages.com/new%20card%20scans%202/card%20matcher/sportscards6_0011_Layer%2021.jpg,https://sportscards.standard.us-east-1.oortstorages.com/new%20card%20scans%202/card%20matcher/sportscards6_0005_Layer%2028.jpg,,2026-02-04T01:59:04.878Z
c_a6035e7c,,2023,Topps Chrome,,WK10,Nico Paz,Real Madrid Castilla,UEFA Club Competitions,,,,,,,raw,1,,,USD,,https://sportscards.standard.us-east-1.oortstorages.com/new%20card%20scans%202/card%20matcher/Untitled-57_0006_Layer%2050.jpg,https://sportscards.standard.us-east-1.oortstorages.com/new%20card%20scans%202/card%20matcher/Untitled-57_0002_Layer%2054.jpg,,2026-02-04T01:59:04.878Z
c_5fe8befa,,2023,Topps Chrome,,WK4,Evan Ferguson,Brighton & Hove Albion,UEFA Club Competitions,,,,,,,raw,1,,,USD,,https://sportscards.standard.us-east-1.oortstorages.com/new%20card%20scans%202/card%20matcher/Untitled-57_0007_Layer%2049.jpg,https://sportscards.standard.us-east-1.oortstorages.com/new%20card%20scans%202/card%20matcher/Untitled-57_0001_Layer%2055.jpg,,2026-02-04T01:59:04.878Z
c_e7c7700e,,2023,Topps Chrome,,WK1,Arda Güler,Real Madrid,UEFA Club Competitions,,,,,,,raw,1,,,USD,,https://sportscards.standard.us-east-1.oortstorages.com/new%20card%20scans%202/card%20matcher/sportscards6_0007_Layer%2026.jpg,https://sportscards.standard.us-east-1.oortstorages.com/new%20card%20scans%202/card%20matcher/guler_back.png,,2026-02-04T01:59:04.878Z
c_1c8f72ea,,2023,Topps Chrome,,WK5,Håkon Haraldsson,AS Monaco,UEFA Club Competitions,,,,,,,raw,1,,,USD,,https://sportscards.standard.us-east-1.oortstorages.com/new%20card%20scans%202/card%20matcher/sportscards6_0006_Layer%2027.jpg,https://sportscards.standard.us-east-1.oortstorages.com/new%20card%20scans%202/card%20matcher/sportscards6_0000_Layer%2033.jpg,,2026-02-04T01:59:04.878Z
c_98efccdd,,2023,Topps Merlin,,MC5,Ibrahim Osman,FC Nordsjælland,UEFA Club Competitions,,,,,,,raw,1,,,USD,,https://sportscards.standard.us-east-1.oortstorages.com/new%20card%20scans%202/card%20matcher/Untitled-57_0011_Layer%2045.jpg,https://sportscards.standard.us-east-1.oortstorages.com/new%20card%20scans%202/card%20matcher/Untitled-57_0005_Layer%2051.jpg,,2026-02-04T01:59:04.878Z
c_bacf50d9,,2023,Topps Merlin,,MC6,Marc Guiu,Barcelona B,UEFA Club Competitions,,,,,,,raw,1,,,USD,,https://sportscards.standard.us-east-1.oortstorages.com/new%20card%20scans%202/card%20matcher/Untitled-57_0010_Layer%2046.jpg,https://sportscards.standard.us-east-1.oortstorages.com/new%20card%20scans%202/card%20matcher/Untitled-57_0004_Layer%2052.jpg,,2026-02-04T01:59:04.878Z
c_72ad7064,,2023,Topps Merlin,,MC8,Ben Doak,Liverpool,UEFA Club Competitions,,,,,,,raw,1,,,USD,,https://sportscards.standard.us-east-1.oortstorages.com/new%20card%20scans%202/card%20matcher/sportscards8_0013_Layer%2023.jpg,https://sportscards.standard.us-east-1.oortstorages.com/new%20card%20scans%202/card%20matcher/sportscards8_0006_Layer%2030.jpg,,2026-02-04T01:59:04.878Z
c_e9264e33,,2023,Topps Merlin,,MC2,Evan Ferguson,Brighton & Hove Albion,UEFA Club Competitions,,,,,,,raw,1,,,USD,,https://sportscards.standard.us-east-1.oortstorages.com/new%20card%20scans%202/card%20matcher/Untitled-57_0009_Layer%2047.jpg,https://sportscards.standard.us-east-1.oortstorages.com/new%20card%20scans%202/card%20matcher/Untitled-57_0003_Layer%2053.jpg,,2026-02-04T01:59:04.878Z
c_cf0d5f7e,,2022,Topps Merlin,,149,Alex Lowry,Rangers,UEFA Club Competitions,,,,,,,raw,1,,,USD,,https://sportscards.standard.us-east-1.oortstorages.com/new%20card%20scans%202/card%20matcher/alex_lowry_front.png,https://sportscards.standard.us-east-1.oortstorages.com/new%20card%20scans%202/card%20matcher/alex_lowry_back.png,,2026-02-04T01:59:04.878Z
c_f4b91668,,2023,Topps Chrome,,73,Dominik Kohr,1. FC Köln,Bundesliga,,,,,,,raw,1,,,USD,,https://sportscards.standard.us-east-1.oortstorages.com/new%20card%20scans%202/card%20matcher/sportscards1_0010_Layer%2024.jpg,https://sportscards.standard.us-east-1.oortstorages.com/new%20card%20scans%202/card%20matcher/sportscards1_0004_Layer%2030.jpg,,2026-02-04T01:59:04.878Z
c_aac1965b,,2022,Topps Merlin,,34,Matthew O'Riley,Celtic,UEFA Club Competitions,,,,,,,raw,1,,,USD,,https://sportscards.standard.us-east-1.oortstorages.com/new%20card%20scans%202/card%20matcher/sportscards1_0008_Layer%2026.jpg,https://sportscards.standard.us-east-1.oortstorages.com/new%20card%20scans%202/card%20matcher/sportscards1_0002_Layer%2032.jpg,,2026-02-04T01:59:04.878Z
c_cc940e46,,2022,Topps Merlin,,48,Gavi,Barcelona,UEFA Club Competitions,,,,,,,raw,1,,,USD,,https://sportscards.standard.us-east-1.oortstorages.com/new%20card%20scans%202/card%20matcher/Untitled-59_0009_Layer%2060.jpg,https://sportscards.standard.us-east-1.oortstorages.com/new%20card%20scans%202/card%20matcher/Untitled-59_0003_Layer%2066.jpg,,2026-02-04T01:59:04.878Z
c_7c04c315,,2022,Topps Chrome,,162,Alphonso Davies,Bayern Munich,UEFA Club Competitions,,,,,,,raw,1,,,USD,,https://sportscards.standard.us-east-1.oortstorages.com/new%20card%20scans%202/card%20matcher/alphonso_davies_front.png,https://sportscards.standard.us-east-1.oortstorages.com/new%20card%20scans%202/card%20matcher/Alphonso_Davies_back.png,,2026-02-04T01:59:04.878Z
c_e5458581,,2022,Topps Merlin,,22,Nicola Zalewski,AS Roma,UEFA Club Competitions,,,,,,,raw,1,,,USD,,https://sportscards.standard.us-east-1.oortstorages.com/new%20card%20scans%202/card%20matcher/Untitled-60_0008_Layer%2073.jpg,https://sportscards.standard.us-east-1.oortstorages.com/new%20card%20scans%202/card%20matcher/Untitled-60_0002_Layer%2079.jpg,,2026-02-04T01:59:04.878Z
c_8db25ec8,,2023,Topps Merlin,,30,Facundo Buonanotte,Brighton & Hove Albion,UEFA Club Competitions,,,,,,,raw,1,,,USD,,https://sportscards.standard.us-east-1.oortstorages.com/new%20card%20scans%202/card%20matcher/Untitled-60_0006_Layer%2075.jpg,https://sportscards.standard.us-east-1.oortstorages.com/new%20card%20scans%202/card%20matcher/Untitled-60_0000_Layer%2081.jpg,,2026-02-04T01:59:04.878Z
c_f35849b3,,2023,Panini Select,,173,Anthony Gordon,Newcastle United,Premier League,,,,,,,raw,1,,,USD,,https://sportscards.standard.us-east-1.oortstorages.com/new%20card%20scans%202/card%20matcher/Untitled-12_0002_Layer%2066.jpg,https://sportscards.standard.us-east-1.oortstorages.com/new%20card%20scans%202/card%20matcher/Untitled-12-back_0002_Layer%2072.jpg,,2026-02-04T01:59:04.878Z
c_e44d5fe8,,2023,Topps,,83,Hyunjun Yang,Celtic,UEFA Club Competitions,,,,,,,raw,1,,,USD,,https://sportscards.standard.us-east-1.oortstorages.com/new%20card%20scans%202/card%20matcher/UntfinL_0003_Layer%202.jpg,https://sportscards.standard.us-east-1.oortstorages.com/new%20card%20scans%202/card%20matcher/UntfinL_0000_Layer%205.jpg,,2026-02-04T01:59:04.878Z
c_a5b025df,,2020,,,98,Marcel Sabitzer,,UEFA Euro,,,,,,,raw,1,,,USD,,https://sportscards.standard.us-east-1.oortstorages.com/new%20card%20scans%202/card%20matcher/UntfinL_0002_Layer%203.jpg,https://sportscards.standard.us-east-1.oortstorages.com/new%20card%20scans%202/card%20matcher/UntfinL_0001_Layer%204.jpg,,2026-02-04T01:59:04.878Z
c_ca9b8a98,,2023,,,54,Gjivai Zechiel,,UEFA Club Competitions,,,,,,,raw,1,,,USD,,https://sportscards.standard.us-east-1.oortstorages.com/new%20card%20scans%202/card%20matcher/gjival_zechiel_pink_front.png,https://sportscards.standard.us-east-1.oortstorages.com/new%20card%20scans%202/card%20matcher/sportscards3_0005_Layer%2013.jpg,,2026-02-04T01:59:04.878Z
c_553792ae,,2023,Panini Select,,73,Karim Adeyemi,Wolverhampton Wanderers,UEFA Club Competitions,,,,,,,raw,1,,,USD,,https://sportscards.standard.us-east-1.oortstorages.com/new%20card%20scans%202/card%20matcher/Untitled-59_0011_Layer%2058.jpg,https://sportscards.standard.us-east-1.oortstorages.com/new%20card%20scans%202/card%20matcher/Untitled-59_0005_Layer%2064.jpg,,2026-02-04T01:59:04.878Z
c_797f1cf4,,2023,Topps Chrome,,169,Kaoru Mitoma,Borussia Dortmund,UEFA Club Competitions,,,,,,,raw,1,,,USD,,https://sportscards.standard.us-east-1.oortstorages.com/new%20card%20scans%202/card%20matcher/mitoma_shimmer_0001_Layer%206.jpg,https://sportscards.standard.us-east-1.oortstorages.com/new%20card%20scans%202/card%20matcher/mitoma_shimmer_0000_Layer%207.jpg,,2026-02-04T01:59:04.878Z
c_468a4728,,2023,Topps Chrome,,55,El Chadaille Bitshiabu,Brighton & Hove Albion,Bundesliga,,,,,,,raw,1,,,USD,,https://sportscards.standard.us-east-1.oortstorages.com/new%20card%20scans%202/card%20matcher/el_chadaille_bitshiabu_front.png,https://sportscards.standard.us-east-1.oortstorages.com/new%20card%20scans%202/card%20matcher/sportscards5_0005_Layer%2015.jpg,,2026-02-04T01:59:04.878Z
c_38d109,,2023,Topps Chrome,,38,Kenneth Schmidt,RB Leipzig,Bundesliga,,,,,,,raw,1,,,USD,,https://sportscards.standard.us-east-1.oortstorages.com/new%20card%20scans%202/card%20matcher/sportscards3_0007_Layer%2011.jpg,https://sportscards.standard.us-east-1.oortstorages.com/new%20card%20scans%202/card%20matcher/sportscards3_0001_Layer%2017.jpg,,2026-02-04T01:59:04.878Z
c_869c7c0f,,2022,Topps Chrome,,68,Benjamin Šeško,SC Freiburg,UEFA Club Competitions,,,,,,,raw,1,,,USD,,https://sportscards.standard.us-east-1.oortstorages.com/new%20card%20scans%202/card%20matcher/sportscards3_0009_Layer%209.jpg,https://sportscards.standard.us-east-1.oortstorages.com/new%20card%20scans%202/card%20matcher/sportscards3_0003_Layer%2015.jpg,,2026-02-04T01:59:04.878Z
c_4183095b,,2023,Topps Merlin,,64,Oscar Bobb,RB Salzburg,Premier League,,,,,,,raw,1,,,USD,,https://sportscards.standard.us-east-1.oortstorages.com/new%20card%20scans%202/card%20matcher/sportscards4_0008_Layer%2011.jpg,https://sportscards.standard.us-east-1.oortstorages.com/new%20card%20scans%202/card%20matcher/Untitled-30-back_0004_Layer%202.jpg,,2026-02-04T01:59:04.878Z
c_ce6546e2,,2024,Panini Select,,48,Erick Pulgar,Newcastle United,Copa America,,,,,,,raw,1,,,USD,,https://sportscards.standard.us-east-1.oortstorages.com/new%20card%20scans%202/card%20matcher/sportscards5_0009_Layer%2011.jpg,https://sportscards.standard.us-east-1.oortstorages.com/new%20card%20scans%202/card%20matcher/sportscards5_0003_Layer%2017.jpg,,2026-02-04T01:59:04.878Z
c_860b732e,,2022,Panini Prizm,,59,Sadio Mané,Flamengo,UEFA Club Competitions,,,,,,,raw,1,,,USD,,https://sportscards.standard.us-east-1.oortstorages.com/new%20card%20scans%202/card%20matcher/sportscards3_0006_Layer%2012.jpg,https://sportscards.standard.us-east-1.oortstorages.com/new%20card%20scans%202/card%20matcher/sportscards3_0000_Layer%2018.jpg,,2026-02-04T01:59:04.878Z
c_5f4b9d81,,2023,Topps Merlin,,25,Jamie Bynoe-Gittens,Bayern Munich,UEFA Club Competitions,,,,,,,raw,1,,,USD,,https://sportscards.standard.us-east-1.oortstorages.com/new%20card%20scans%202/card%20matcher/Untitled-55_0006_Layer%2038.jpg,https://sportscards.standard.us-east-1.oortstorages.com/new%20card%20scans%202/card%20matcher/Untitled-55_0000_Layer%2044.jpg,,2026-02-04T01:59:04.878Z
c_53319446,,2022,Topps Merlin,,,Kylian Mbappé,Borussia Dortmund,UEFA Club Competitions,,,,,,,raw,1,,,USD,,https://sportscards.standard.us-east-1.oortstorages.com/new%20card%20scans%202/card%20matcher/Untitled-23_0002_Layer%20132.jpg,https://sportscards.standard.us-east-1.oortstorages.com/new%20card%20scans%202/card%20matcher/Untitled-23-back_0002_Layer%20133.jpg,,2026-02-04T01:59:04.878Z
c_89fe1b83,,2024,Topps Merlin,,,Edson Álvarez,Paris Saint-Germain,Copa America,,,,,,,raw,1,,,USD,,https://sportscards.standard.us-east-1.oortstorages.com/new%20card%20scans%202/card%20matcher/Untitled-2_0005_Layer%207.jpg,https://sportscards.standard.us-east-1.oortstorages.com/new%20card%20scans%202/card%20matcher/Untitled-2-back_0005_Layer%2013.jpg,,2026-02-04T01:59:04.878Z
c_5e703183,,2024,Panini Prizm,,,Julio Enciso,West Ham United,Copa America,,,,,,,raw,1,,,USD,,https://sportscards.standard.us-east-1.oortstorages.com/new%20card%20scans%202/card%20matcher/Untitled-2_0001_Layer%2011.jpg,https://sportscards.standard.us-east-1.oortstorages.com/new%20card%20scans%202/card%20matcher/Untitled-2-back_0001_Layer%2017.jpg,,2026-02-04T01:59:04.878Z
c_7dbe5c8a,,2023,Panini Prizm,,,Aurélien Tchouaméni,Brighton & Hove Albion,UEFA Club Competitions,,,,,,,raw,1,,,USD,,https://sportscards.standard.us-east-1.oortstorages.com/new%20card%20scans%202/card%20matcher/Untitled-25_0002_Layer%20136.jpg,https://sportscards.standard.us-east-1.oortstorages.com/new%20card%20scans%202/card%20matcher/Untitled-25-back_0002_Layer%20137.jpg,,2026-02-04T01:59:04.878Z
c_8939f85d,,2023,Topps Finest MLS,,231,Pedro de La Vega,Seattle Sounders FC,MLS,,,,,,,raw,1,,,USD,,https://sportscards.standard.us-east-1.oortstorages.com/new%20card%20scans%202/card%20matcher/Untitled-4_0000_Layer%206.jpg,https://sportscards.standard.us-east-1.oortstorages.com/new%20card%20scans%202/card%20matcher/Untitled-5_0000_Layer%207.jpg,,2026-02-04T01:59:04.878Z
c_6005def6,,2023,Topps Chrome Bundesliga,,1963,Julian Justvan,SV Darmstadt 98,Bundesliga,,,,,,,raw,1,,,USD,,https://sportscards.standard.us-east-1.oortstorages.com/new%20card%20scans%202/card%20matcher/Untitled-4_0004_Layer%202.jpg,https://sportscards.standard.us-east-1.oortstorages.com/new%20card%20scans%202/card%20matcher/Untitled-5_0004_Layer%203.jpg,,2026-02-04T01:59:04.878Z
c_e18c720d,,2024,Topps UEFA,,,Endrick,Real Madrid,La Liga,,,,,,,raw,1,,,USD,,https://sportscards.standard.us-east-1.oortstorages.com/new%20card%20scans%202/card%20matcher/Untitled-6_0004_Layer%209.jpg,https://sportscards.standard.us-east-1.oortstorages.com/new%20card%20scans%202/card%20matcher/Untitled-7_0004_Layer%2015.jpg,,2026-02-04T01:59:04.878Z
c_7c6d5d26,,2024,Topps UEFA,,9,Erling Haaland,Manchester City,Premier League,,,,,,,raw,1,,,USD,,https://sportscards.standard.us-east-1.oortstorages.com/new%20card%20scans%202/card%20matcher/Untitled-6_0003_Layer%2010.jpg,https://sportscards.standard.us-east-1.oortstorages.com/new%20card%20scans%202/card%20matcher/Untitled-7_0003_Layer%2016.jpg,,2026-02-04T01:59:04.878Z
c_f904a6de,,2024,Panini Donruss,,92,Martin Odegaard,Arsenal,Premier League,,,,,,,raw,1,,,USD,,https://sportscards.standard.us-east-1.oortstorages.com/new%20card%20scans%202/card%20matcher/Untitled-6_0002_Layer%2011.jpg,https://sportscards.standard.us-east-1.oortstorages.com/new%20card%20scans%202/card%20matcher/Untitled-7_0002_Layer%2017.jpg,,2026-02-04T01:59:04.878Z
c_4ec6cc33,,2024,Panini Donruss,,4,Martin Odegaard,Arsenal,Premier League,,,,,,,raw,1,,,USD,,https://sportscards.standard.us-east-1.oortstorages.com/new%20card%20scans%202/card%20matcher/Untitled-6_0001_Layer%2012.jpg,https://sportscards.standard.us-east-1.oortstorages.com/new%20card%20scans%202/card%20matcher/Untitled-7_0001_Layer%2018.jpg,,2026-02-04T01:59:04.878Z
c_9eee9a22,,2024,Panini Donruss,,96,Erling Haaland,Manchester City,Premier League,,,,,,,raw,1,,,USD,,https://sportscards.standard.us-east-1.oortstorages.com/new%20card%20scans%202/card%20matcher/Untitled-6_0000_Layer%2013.jpg,https://sportscards.standard.us-east-1.oortstorages.com/new%20card%20scans%202/card%20matcher/Untitled-7_0002_Layer%2017.jpg,,2026-02-04T01:59:04.878Z
c_d2aae915,,2024,Panini Donruss,,3,Alhassan Yusuf,Royal Antwerp FC,Belgian Pro League,,,,,,,raw,1,,,USD,,https://sportscards.standard.us-east-1.oortstorages.com/new%20card%20scans%202/card%20matcher/Untitled-23_0010_Layer%20172.jpg,https://sportscards.standard.us-east-1.oortstorages.com/new%20card%20scans%202/card%20matcher/Untitled-23_0004_Layer%20178.jpg,,2026-02-04T01:59:04.878Z
c_cc8bb1ea,,2023,Topps Finest,,BALU,Lucho Acosta,FC Cincinati,MLS,,,,,,,raw,1,,,USD,,https://sportscards.standard.us-east-1.oortstorages.com/new%20card%20scans%202/card%20matcher/Untitled-2_0005_Layer%201.jpg,https://sportscards.standard.us-east-1.oortstorages.com/new%20card%20scans%202/card%20matcher/Untitled-1_0005_Layer%201.jpg,,2026-02-04T01:59:04.878Z
c_f4d590f6,,2023,Topps Finest,,PFALU,Lucho Acosta,FC Cincinati,MLS,,,,,,,raw,1,,,USD,,https://sportscards.standard.us-east-1.oortstorages.com/new%20card%20scans%202/card%20matcher/Untitled-2_0004_Layer%202.jpg,https://sportscards.standard.us-east-1.oortstorages.com/new%20card%20scans%202/card%20matcher/Untitled-1_0004_Layer%202.jpg,,2026-02-04T01:59:04.878Z
c_e60fe637,,2023,Topps Finest,,254,Alexey Miranchuk,Atlanta United FC,MLS,,,,,,,raw,1,,,USD,,https://sportscards.standard.us-east-1.oortstorages.com/new%20card%20scans%202/card%20matcher/Untitled-10_0006_Layer%2087.jpg,https://sportscards.standard.us-east-1.oortstorages.com/new%20card%20scans%202/card%20matcher/Untitled-10_0000_Layer%2093.jpg,,2026-02-04T01:59:04.878Z
c_d44d6135,,2023,Topps Finest,,263,Diego Fagundez,LA Galaxy,MLS,,,,,,,raw,1,,,USD,,https://sportscards.standard.us-east-1.oortstorages.com/new%20card%20scans%202/card%20matcher/Untitled-10_0012_Layer%2081.jpg,https://sportscards.standard.us-east-1.oortstorages.com/new%20card%20scans%202/card%20matcher/Untitled-9_0005_Layer%2087.jpg,,2026-02-04T01:59:04.878Z
c_77a976dc,,2023,Topps Finest MLS,,PFF10,Marco Reus,LA Galaxy,MLS,,,,,,,raw,1,,,USD,,https://sportscards.standard.us-east-1.oortstorages.com/new%20card%20scans%202/card%20matcher/Untitled-8_0006_Layer%2074.jpg,https://sportscards.standard.us-east-1.oortstorages.com/new%20card%20scans%202/card%20matcher/Untitled-8_0001_Layer%2079.jpg,,2026-02-04T01:59:04.878Z
c_bc03f38a,,2023,Topps Finest MLS,,BAPD,Pedro de La Vega,Seattle Sounders FC,MLS,,,,,,,raw,1,,,USD,,https://sportscards.standard.us-east-1.oortstorages.com/new%20card%20scans%202/card%20matcher/Untitled-2_0000_Layer%206.jpg,https://sportscards.standard.us-east-1.oortstorages.com/new%20card%20scans%202/card%20matcher/Untitled-1_0002_Layer%204.jpg,,2026-02-04T01:59:04.878Z
c_f435d981,,2023,Topps Finest MLS,,BASJ,Stiven Jimenez,FC Cincinati,MLS,,,,,,,raw,1,,,USD,,https://sportscards.standard.us-east-1.oortstorages.com/new%20card%20scans%202/card%20matcher/Untitled-2_0002_Layer%204.jpg,https://sportscards.standard.us-east-1.oortstorages.com/new%20card%20scans%202/card%20matcher/Untitled-1_0000_Layer%206.jpg,,2026-02-04T01:59:04.878Z
c_8203f20b,,2023,Topps Finest MLS,,BATH,Thomas Williams,Orlando City SC,MLS,,,,,,,raw,1,,,USD,,https://sportscards.standard.us-east-1.oortstorages.com/new%20card%20scans%202/card%20matcher/Untitled-2_0001_Layer%205.jpg,https://sportscards.standard.us-east-1.oortstorages.com/new%20card%20scans%202/card%20matcher/Untitled-1_0001_Layer%205.jpg,,2026-02-04T01:59:04.878Z
c_1c7ceb07,,2023,Topps Finest MLS,,132,Andre Blake,Philidelphia Union,MLS,,,,,,,raw,1,,,USD,,https://sportscards.standard.us-east-1.oortstorages.com/new%20card%20scans%202/card%20matcher/andre_blake_0001_Layer%201.jpg,https://sportscards.standard.us-east-1.oortstorages.com/new%20card%20scans%202/card%20matcher/andre_blake_0000_Layer%202.jpg,,2026-02-04T01:59:04.878Z
c_c496186b,,2023,Topps Finest MLS,,FFRP,Riqui Puig,LA Galaxy,MLS,,,,,,,raw,1,,,USD,,https://sportscards.standard.us-east-1.oortstorages.com/new%20card%20scans%202/card%20matcher/Puig_Jersey_0000_Layer%201.jpg,https://sportscards.standard.us-east-1.oortstorages.com/new%20card%20scans%202/card%20matcher/Puig_Jersey_0001_Layer%202.jpg,,2026-02-04T01:59:04.878Z
c_e00ae549,,2023,Topps Finest MLS,,BABC,Benja Cremaschi,Inter Miami CF,MLS,,,,,,,raw,1,,,USD,,https://sportscards.standard.us-east-1.oortstorages.com/new%20card%20scans%202/card%20matcher/Untitled-3_0002_Layer%206.jpg,https://sportscards.standard.us-east-1.oortstorages.com/new%20card%20scans%202/card%20matcher/Benja_auto_back_0000_Layer%201.jpg,,2026-02-04T01:59:04.878Z
c_1ca61bb7,,2023,Topps Finest MLS,,PA14,Zlatan Ibrahimovic,LA Galaxy,MLS,,,,,,,raw,1,,,USD,,https://sportscards.standard.us-east-1.oortstorages.com/new%20card%20scans%202/card%20matcher/Untitled-8_0009_Layer%2071.jpg,https://sportscards.standard.us-east-1.oortstorages.com/new%20card%20scans%202/card%20matcher/Untitled-8_0004_Layer%2076.jpg,,2026-02-04T01:59:04.879Z
c_cb68cfe6,,2023,Topps Finest MLS,,MLS9,Zlatan Ibrahimovic,LA Galaxy,MLS,,,,,,,raw,1,,,USD,,https://sportscards.standard.us-east-1.oortstorages.com/new%20card%20scans%202/card%20matcher/Untitled-16_0007_Layer%20136.jpg,https://sportscards.standard.us-east-1.oortstorages.com/new%20card%20scans%202/card%20matcher/Untitled-16_0001_Layer%20142.jpg,,2026-02-04T01:59:04.879Z
c_ba2b532e,,2023,Topps Finest MLS,,33,Nouhou,Seattle Sounders FC,MLS,,,,,,,raw,1,,,USD,,https://sportscards.standard.us-east-1.oortstorages.com/new%20card%20scans%202/card%20matcher/nouhou_0000_Layer%202.jpg,https://sportscards.standard.us-east-1.oortstorages.com/new%20card%20scans%202/card%20matcher/nouhou_0001_Layer%201.jpg,,2026-02-04T01:59:04.879Z
c_4b05b0e,,2023,Topps Finest MLS,,USC16,Lionel Messi,Inter Miami CF,MLS,,,,,,,raw,1,,,USD,,https://sportscards.standard.us-east-1.oortstorages.com/new%20card%20scans%202/card%20matcher/Untitled-11_0009_Layer%2096.jpg,https://sportscards.standard.us-east-1.oortstorages.com/new%20card%20scans%202/card%20matcher/Untitled-11_0003_Layer%20102.jpg,,2026-02-04T01:59:04.879Z
c_46b6fe7f,,2023,Topps Finest MLS,,BADF,Diego Fagundez,LA Galaxy,MLS,,,,,,,raw,1,,,USD,,https://sportscards.standard.us-east-1.oortstorages.com/new%20card%20scans%202/card%20matcher/Untitled-3_0004_Layer%204.jpg,https://sportscards.standard.us-east-1.oortstorages.com/new%20card%20scans%202/card%20matcher/Untitled-16_0005_Layer%20138.jpg,,2026-02-04T01:59:04.879Z
c_a9b4fbe8,,2023,Topps Finest MLS,,12,La Galaxy,LA Galaxy,MLS,,,,,,,raw,1,,,USD,,https://sportscards.standard.us-east-1.oortstorages.com/new%20card%20scans%202/card%20matcher/Untitled-9_0008_Layer%2084.jpg,https://sportscards.standard.us-east-1.oortstorages.com/new%20card%20scans%202/card%20matcher/Untitled-9_0002_Layer%2090.jpg,,2026-02-04T01:59:04.879Z
c_22342eeb,,2023,Topps Stadium Club Chrome,,69,Mauro Icardi,Paris Saint-Germain F.C.,Ligue 1,,,,,,,raw,1,,,USD,,https://sportscards.standard.us-east-1.oortstorages.com/new%20card%20scans%202/card%20matcher/Untitled-11_0006_Layer%2099.jpg,https://sportscards.standard.us-east-1.oortstorages.com/new%20card%20scans%202/card%20matcher/Untitled-11_0000_Layer%20105.jpg,,2026-02-04T01:59:04.879Z
c_688df310,,2023,Topps Stadium Club Chrome,,23,Randal Kolo Muani,Paris Saint-Germain F.C.,Ligue 1,,,,,,,raw,1,,,USD,,https://sportscards.standard.us-east-1.oortstorages.com/new%20card%20scans%202/card%20matcher/Untitled-11_0008_Layer%2097.jpg,https://sportscards.standard.us-east-1.oortstorages.com/new%20card%20scans%202/card%20matcher/Untitled-11_0002_Layer%20103.jpg,,2026-02-04T01:59:04.879Z
c_7ac0c53e,,2023,Topps Finest MLS,,29,Daniel Gazdag,Philadelphia Union,MLS,,,,,,,raw,1,,,USD,,https://sportscards.standard.us-east-1.oortstorages.com/new%20card%20scans%202/card%20matcher/Untitled-1_0046_Layer%202.jpg,https://sportscards.standard.us-east-1.oortstorages.com/new%20card%20scans%202/card%20matcher/Untitled-1_0040_Layer%208.jpg,,2026-02-04T01:59:04.879Z
c_42e60d75,,2023,Topps Finest MLS,,210,Rafael Navarro,Colorado Rapids,MLS,,,,,,,raw,1,,,USD,,https://sportscards.standard.us-east-1.oortstorages.com/new%20card%20scans%202/card%20matcher/Untitled-1_0047_Layer%201.jpg,https://sportscards.standard.us-east-1.oortstorages.com/new%20card%20scans%202/card%20matcher/Untitled-1_0041_Layer%207.jpg,,2026-02-04T01:59:04.879Z
c_d4f49fdd,,2023,Topps Finest MLS,,47,Diogo Goncalves,Real Salt Lake,MLS,,,,,,,raw,1,,,USD,,https://sportscards.standard.us-east-1.oortstorages.com/new%20card%20scans%202/card%20matcher/Untitled-1_0042_Layer%206.jpg,https://sportscards.standard.us-east-1.oortstorages.com/new%20card%20scans%202/card%20matcher/Untitled-1_0037_Layer%2011.jpg,,2026-02-04T01:59:04.879Z
c_ff68548c,,2023,Topps Finest MLS,,145,Cody Baker,Seattle Sounders FC,MLS,,,,,,,raw,1,,,USD,,https://sportscards.standard.us-east-1.oortstorages.com/new%20card%20scans%202/card%20matcher/Untitled-1_0044_Layer%204.jpg,https://sportscards.standard.us-east-1.oortstorages.com/new%20card%20scans%202/card%20matcher/Untitled-1_0038_Layer%2010.jpg,,2026-02-04T01:59:04.879Z
c_ebf79db8,,2023,Topps Finest MLS,,266,Alonso Martinez,New York City FC,MLS,,,,,,,raw,1,,,USD,,https://sportscards.standard.us-east-1.oortstorages.com/new%20card%20scans%202/card%20matcher/Untitled-10_0009_Layer%2084.jpg,https://sportscards.standard.us-east-1.oortstorages.com/new%20card%20scans%202/card%20matcher/Untitled-10_0003_Layer%2090.jpg,,2026-02-04T01:59:04.879Z
c_617f806d,,2023,Topps Finest MLS,,126,Agustin Ojeda,New York City FC,MLS,,,,,,,raw,1,,,USD,,https://sportscards.standard.us-east-1.oortstorages.com/new%20card%20scans%202/card%20matcher/Untitled-10_0010_Layer%2083.jpg,https://sportscards.standard.us-east-1.oortstorages.com/new%20card%20scans%202/card%20matcher/Untitled-10_0004_Layer%2089.jpg,,2026-02-04T01:59:04.879Z
c_b4227b57,,2023,Topps Finest MLS,,111,Alonso Martinez,New York City FC,MLS,,,,,,,raw,1,,,USD,,https://sportscards.standard.us-east-1.oortstorages.com/new%20card%20scans%202/card%20matcher/Untitled-1_0021_Layer%2027.jpg,https://sportscards.standard.us-east-1.oortstorages.com/new%20card%20scans%202/card%20matcher/Untitled-1_0017_Layer%2031.jpg,,2026-02-04T01:59:04.879Z
c_c413a8e5,,2023,Topps Finest MLS,,43,Alexey Miranchuk,Atlanta United FC,MLS,,,,,,,raw,1,,,USD,,https://sportscards.standard.us-east-1.oortstorages.com/new%20card%20scans%202/card%20matcher/Untitled-10_0007_Layer%2086.jpg,https://sportscards.standard.us-east-1.oortstorages.com/new%20card%20scans%202/card%20matcher/Untitled-10_0001_Layer%2092.jpg,,2026-02-04T01:59:04.879Z
c_8c4d496c,,2023,Topps Finest MLS,,123,Eduard Lowen,St. Louis City SC,MLS,,,,,,,raw,1,,,USD,,https://sportscards.standard.us-east-1.oortstorages.com/new%20card%20scans%202/card%20matcher/Untitled-10_0008_Layer%2085.jpg,https://sportscards.standard.us-east-1.oortstorages.com/new%20card%20scans%202/card%20matcher/Untitled-10_0002_Layer%2091.jpg,,2026-02-04T01:59:04.879Z
c_e1640e68,,2023,Topps Finest MLS,,100,Riqui Puig,LA Galaxy,MLS,,,,,,,raw,1,,,USD,,https://sportscards.standard.us-east-1.oortstorages.com/new%20card%20scans%202/card%20matcher/Untitled-9_0007_Layer%2085.jpg,https://sportscards.standard.us-east-1.oortstorages.com/new%20card%20scans%202/card%20matcher/Untitled-9_0001_Layer%2091.jpg,,2026-02-04T01:59:04.879Z
c_507cdec6,,2024,Topps Finest MLS,,202,Riqui Puig,LA Galaxy,MLS,,,,,,,raw,1,,,USD,,https://sportscards.standard.us-east-1.oortstorages.com/new%20card%20scans%202/card%20matcher/Untitled-9_0006_Layer%2086.jpg,https://sportscards.standard.us-east-1.oortstorages.com/new%20card%20scans%202/card%20matcher/Untitled-16_0003_Layer%20140.jpg,,2026-02-04T01:59:04.879Z
c_80780fc7,,2024,Topps Finest MLS,,181,Diego Fagundez,LA Galaxy,MLS,,,,,,,raw,1,,,USD,,https://sportscards.standard.us-east-1.oortstorages.com/new%20card%20scans%202/card%20matcher/Untitled-9_0009_Layer%2083.jpg,https://sportscards.standard.us-east-1.oortstorages.com/new%20card%20scans%202/card%20matcher/Untitled-9_0003_Layer%2089.jpg,,2026-02-04T01:59:04.879Z
c_61c34562,,2024,Topps Finest MLS,,FD7,Kerwin Vargas,Charlotte FC,MLS,,,,,,,raw,1,,,USD,,https://sportscards.standard.us-east-1.oortstorages.com/new%20card%20scans%202/card%20matcher/Untitled-12_0009_Layer%2097.jpg,https://sportscards.standard.us-east-1.oortstorages.com/new%20card%20scans%202/card%20matcher/Untitled-12_0003_Layer%20103.jpg,,2026-02-04T01:59:04.879Z
c_d54cdd45,,2024,Topps Finest MLS,,FD5,Zlatan Ibrahimovic,LA Galaxy,red,,,,,,,raw,1,,,USD,,https://sportscards.standard.us-east-1.oortstorages.com/new%20card%20scans%202/card%20matcher/Untitled-20_0007_Layer%20173.jpg,https://sportscards.standard.us-east-1.oortstorages.com/new%20card%20scans%202/card%20matcher/Untitled-20_0001_Layer%20179.jpg,,2026-02-04T01:59:04.879Z
c_bc5836a6,,2024,Topps Finest MLS,,FD1,Lionel Messi,Inter Miami CF,MLS,,,,,,,raw,1,,,USD,,https://sportscards.standard.us-east-1.oortstorages.com/new%20card%20scans%202/card%20matcher/Untitled-20_0009_Layer%20171.jpg,https://sportscards.standard.us-east-1.oortstorages.com/new%20card%20scans%202/card%20matcher/Untitled-20_0003_Layer%20177.jpg,,2026-02-04T01:59:04.879Z
c_cba8ab45,,2024,Topps Finest MLS,,FD3,Luis Suarez,Inter Miami CF,MLS,,,,,,,raw,1,,,USD,,https://sportscards.standard.us-east-1.oortstorages.com/new%20card%20scans%202/card%20matcher/Untitled-20_0010_Layer%20170.jpg,https://sportscards.standard.us-east-1.oortstorages.com/new%20card%20scans%202/card%20matcher/Untitled-20_0004_Layer%20176.jpg,,2026-02-04T01:59:04.879Z
c_fb5a51df,,2024,Topps Finest MLS,,FD11,Gabriel Pec,LA Galaxy,MLS,,,,,,,raw,1,,,USD,,https://sportscards.standard.us-east-1.oortstorages.com/new%20card%20scans%202/card%20matcher/Untitled-20_0006_Layer%20174.jpg,https://sportscards.standard.us-east-1.oortstorages.com/new%20card%20scans%202/card%20matcher/Untitled-20_0000_Layer%20180.jpg,,2026-02-04T01:59:04.879Z
c_191966b3,,2024,Topps Finest MLS,,FD10,Joseph Paintsil,Joseph Paintsil,MLS,,,,,,,raw,1,,,USD,,https://sportscards.standard.us-east-1.oortstorages.com/new%20card%20scans%202/card%20matcher/Untitled-20_0008_Layer%20172.jpg,https://sportscards.standard.us-east-1.oortstorages.com/new%20card%20scans%202/card%20matcher/Untitled-20_0002_Layer%20178.jpg,,2026-02-04T01:59:04.879Z
